1612 3008
157 58 205 108 te·
277 51 685 121 Jncortouuctt

160 154 266 222 magistri
285 170 404 215 monent,
422 159 558 207 orationem
572 171 644 221 quam
658 153 742 220 magui

159 221 267 269 Romani
281 219 387 270 laudibus
400 221 499 279 devovi,
515 221 589 271 vestra
602 221 671 269 nixus
683 219 742 270 lium

159 295 197 341 te,
215 283 345 347 aggrediar.

190 351 226 394 Im
239 347 350 395 homines
363 345 446 396 naturi
459 345 509 395 fere
525 343 736 409 commotisunt,

159 424 228 458 more
252 407 362 473 fingultri
384 412 484 475 patriam
503 411 629 472 complesti
645 444 652 466 ,
667 411 742 456 innati

158 473 189 522 lis
201 487 261 536 pene
272 469 314 529 fit,
330 487 357 520 ae
369 474 518 537 ingenitum,
533 475 558 521 &
570 486 613 535 pro
624 470 742 520 defended

157 548 209 599 quae
221 531 344 584 nascentes
357 536 469 599 gremio,
493 537 519 585 bt
535 532 586 583 finu
603 533 644 582 suo
656 534 741 598 excepi

156 611 205 661 qua
217 596 319 646 infantia
331 612 415 647 eorum
426 598 499 664 vagiit
514 632 521 655 ,
536 597 633 660 pueritia
645 594 699 645 lulit
712 629 720 651 ,
735 595 742 657 j

156 670 194 708 tue
205 659 304 709 educata
317 658 371 716 est,
392 662 499 709 munima
511 661 587 709 etiam
607 660 661 708 vitae
680 658 742 708 diser

155 719 231 772 subire
250 736 302 771 non
318 721 458 773 detreitent.
490 722 604 771 Videmus
623 737 653 770 ne
665 721 742 788 longit

156 798 212 834 eam
225 786 250 833 in
268 787 378 845 scevola,
418 788 506 834 uicum
519 786 619 848 patriam
631 783 736 839 urbem,

155 852 251 898 MAM
266 861 369 898 ‘annone
383 800 532 898 ldbotantem
545 847 628 911 inopie
640 845 654 896 i
666 850 742 910 Porsen

153 907 354 978 truseotum‘rege
367 944 375 968 ‚
390 910 502 962 triennali
517 908 662 966 obsidione,
678 912 703 960 δι
716 924 742 975 qt

155 971 281 1025 atotiffima
302 975 401 1038 premi,
426 971 542 1037 bellisque
564 973 685 1022 continuio
710 975 742 1022 inl

153 1036 375 1095 anitnodverteret,
397 1036 485 1102 oppida
502 1035 592 1100 diripi,
611 1033 716 1094 vastari,
731 1037 742 1085 i

122 1137 132 1155 „
153 1099 201 1157 di,
222 1100 315 1148 nullam
330 1098 416 1157 sextio,
438 1099 530 1148 nullam
545 1097 657 1155 ordinis,
677 1099 742 1163 nulio

153 1162 211 1212 tatis
220 1162 340 1214 rationem
352 1159 450 1221 haberi,
463 1162 564 1211 endere
577 1159 742 1227 sanguineeon

154 1224 252 1281 omnia,
266 1216 388 1274 triffiffimi
405 1221 500 1274 sitorum
519 1223 591 1274 status
614 1224 743 1289 impatient

154 1286 241 1337 dolore
258 1287 354 1345 villus,
374 1303 459 1337 omnes
478 1287 508 1339 eb
524 1302 590 1336 curae
609 1289 742 1346 convertit,

153 1351 221 1400 malo
233 1349 280 1400 hoc
291 1349 405 1401 diuturno
418 1349 500 1401 urbem
516 1347 672 1400 fortiffimam
684 1349 742 1400 liber

151 1411 305 1477 hostiumque
317 1412 426 1464 manibus
433 1415 508 1464 vitam
517 1448 524 1471 ‚
532 1412 595 1462 bona
604 1411 741 1470 ‚fortunae‚

152 1477 236 1544 juges,
253 1476 387 1543 liberosque
400 1478 488 1526 civium
500 1477 609 1541 eriperet.
624 1481 679 1525 Haec
692 1473 742 1525 serit

151 1541 202 1591 dies
218 1539 312 1606 diesque
330 1556 381 1590 non
398 1541 553 1595 temeritate,
569 1537 610 1587 sed
628 1540 738 1595 ratione,

152 1605 241 1653 mentis
253 1606 362 1668 impetu,
377 1601 417 1652 sed
424 1600 556 1652 deliberato
568 1599 670 1650 confilio
681 1598 742 1650 secur

149 1679 250 1731 putans,
258 1666 319 1716 solut
332 1664 379 1715 sese
387 1667 410 1713 in
418 1664 489 1714 calita
498 1664 605 1714 conferre
618 1663 740 1712 coustituit

150 1740 219 1779 ruens
232 1743 289 1777 vero
300 1725 498 1776 nesrineonlulto
519 1727 579 1776 istud
598 1731 683 1775 Senam
700 1726 742 1776 fao

150 1789 272 1856 transfuga
284 1789 408 1839 haberetur
416 1825 423 1847 ‚
431 1790 533 1839 eundem
548 1789 742 1854 adiit‚petiitver

151 1853 265 1918 suamque
277 1852 314 1902 his
326 1851 404 1901 verbis
422 1866 530 1902 mentem
543 1854 640 1917 aperuit.
656 1856 716 1964 (ἤιξε
730 1868 742 1902 t

151 1914 285 1966 nostrarum
295 1915 324 1965 fit
336 1915 420 1971 status,
437 1917 462 1965 δι
474 1928 563 1981 quanta
584 1915 638 1964 huic
658 1932 684 1965 ur
702 1918 709 1965 i
723 1931 739 1964 ιι

150 1978 306 2045 impendeant
312 1975 742 2044 pericula,quantadiscrimina‚ipfi‘

149 2044 182 2091 tis
195 2048 288 2102 Patres,
306 2057 426 2107 quamque
440 2040 516 2091 indies
529 2039 742 2105 tristiil'tmapatriae

147 2106 181 2155 lis
193 2103 384 2163 vestris,nostris
397 2120 425 2153 ue
438 2106 549 2153 omnium
555 2099 602 2152 sese
614 2100 698 2153 offeret
711 2106 742 2153 itt

148 2169 220 2218 Fines
233 2167 326 2217 nostros
344 2119 418 2216 bodie
430 2163 559 2240 ἰιιςιείῑιιε,Ἰ
571 2167 633 2231 agris
645 2168 696 2227 iam
711 2169 742 2231 pri

150 2230 251 2286 exustis,
265 2228 403 2299 prediisque
417 2243 443 2278 ac
454 2228 742 2340 Komaerusurbisferrod

150 2306 241 2360 meque
251 2291 381 2344 miserrime
394 2291 452 2340 deva
473 2294 531 2350 atis,
541 2290 658 2349 summam
670 2291 740 2341 nobis

148 2368 207 2406 nam
220 2355 320 2410 minati,
334 2355 416 2402 omnia
435 2369 463 2403 ue
474 2356 500 2403 in
516 2370 570 2403 eam
589 2355 669 2402 moliri
687 2355 742 2403 vide

149 2430 201 2481 quae
217 2415 246 2465 ab
259 2414 415 2467 infenliilimo
445 2416 495 2466 oste
514 2417 630 2482 expetenti
648 2415 734 2467 solent.

149 2476 290 2528 calamitoso
298 2515 305 2538 ‚
313 2494 343 2527 ne
354 2479 433 2528 dicam
442 2478 566 2545 desperato
577 2493 637 2543 pene
645 2494 722 2528 retum
733 2479 742 2528 l

147 2542 207 2608 quid
220 2540 294 2596 vestra
307 2541 354 2600 lide
359 2543 518 2612 ‚iaciendumr
535 2543 594 2613 quid
604 2542 742 2608 tentandum
