1612 3008
76 123 123 164 230
196 106 384 170 JACOBI
416 112 604 161 CRUCII

80 214 183 264 fortassis
200 215 355 280 indignarer,
378 230 439 262 nnnc
457 214 569 263 homines
587 229 639 263 non
659 214 731 266 solum

82 278 223 344 ignniflimi
237 280 276 327 sed
290 282 314 327 δι
327 277 477 342 igrrnrissimi‚
495 281 535 340 qui
549 278 579 326 ud
593 278 641 327 hoc
652 282 732 329 vitium

81 345 114 391 itu
127 344 195 406 proni
208 342 305 399 sunt‚ut
317 357 352 390 res
365 357 403 389 eas
415 344 732 392 tenrcrecalumniandotra-

81 407 181 463 ducant,
198 420 256 479 quas
268 422 312 454 nec
323 418 404 453 mente
416 402 514 468 nss'cqui,
530 420 574 452 nec
587 408 733 470 cogitatione

83 470 211 533 complebit
223 483 320 533 queunt,
338 469 430 516 Similes
440 482 527 531 nempe
538 469 619 524 caecis,
627 471 671 533 qui
682 484 733 519 cum

82 533 143 582 nihil
155 531 249 580 videant
257 532 302 589 ,de
312 530 431 579 coloribus
443 529 545 591 iudicant
553 546 559 577 z
567 529 734 598 autsurdisqui

81 594 111 643 de
128 607 261 650 concentu,
276 598 302 644 &
312 594 450 650 harmoni-a,
465 595 491 642 δι
502 593 532 641 dc
543 594 596 658 lyra
608 593 735 646 afinil'et·

80 673 133 707 rem
144 656 252 721 profesto
268 655 287 705 fi
303 657 461 721 qualicunque
477 655 554 704 modo
573 672 654 707 retum
669 658 736 723 petiti

81 718 155 769 ess'ent
163 735 169 765 :
177 734 297 768 nunctum
308 735 380 768 vacua
387 719 432 768 tint
440 754 447 777 ‚
454 722 479 769 δι
486 720 566 767 inania
572 718 636 776 vasu,
643 721 734 785 sperno:

81 785 137 847 quia
147 796 199 831 tum
210 778 316 831 maximi
327 784 476 846 importuna,
490 798 545 831 cunt
563 785 674 833 maxime
689 785 734 834 tiu·

79 848 148 894 niuut
160 880 168 903 ,
184 848 210 895 δι
221 845 239 894 li
258 847 321 893 uoris
332 844 569 895 minimum'habent.
603 847 648 895 Sed
660 850 734 898 delo·

98 923 167 959 uacet
177 904 224 957 effe
237 859 379 972 diurnaque
390 904 477 957 effraeni
484 910 539 957 oris.
547 909 677 959 Miramini
686 918 735 963 Au-

97 974 183 1021 'toteti
199 974 247 1035 Qli
259 973 326 1021 aliter
339 971 414 1033 potest
421 976 428 1020 ἰ
435 971 518 1036 quibus
528 970 654 1022 thesaurus
664 972 699 1023 est
709 974 734 1023 in

79 1036 176 1101 lingua,
190 1050 242 1084 nou
252 1036 328 1084 multa
339 1034 416 1084 solum
426 1036 556 1098 loquuntur
567 1069 575 1091 ,
590 1034 631 1085 sed
650 1036 715 1085 mala
726 1050 734 1083 t

80 1100 105 1148 δι
121 1098 230 1163 prnc1pui
242 1098 326 1147 taliun
340 1096 464 1148 sermones
475 1097 532 1162 quid
544 1096 586 1145 niti
599 1099 630 1147 de
643 1100 735 1163 aliquo,

81 1163 107 1209 δι
118 1166 144 1212 in
160 1162 192 1210 ali
210 1165 279 1210 uem!
292 1166 325 1209 Ut
338 1159 389 1210 scor
406 1163 434 1210 iis
450 1161 497 1209 hoc
511 1160 525 1209 ὲ
539 1174 623 1210 nutura
636 1160 735 1213 insitum

80 1222 128 1282 est,
145 1236 171 1273 ut
182 1176 281 1287 diliquit
292 1222 330 1271 sua
341 1176 426 1280 cauda,
441 1238 503 1288 quos
513 1237 596 1272 tenent
609 1258 617 1281 ,
630 1223 733 1275 feriant:

78 1284 111 1333 stc
124 1287 159 1334 illi
171 1298 287 1335 venenata
298 1285 335 1335 sua
346 1287 429 1351 lingua
440 1301 483 1336 cos
495 1289 521 1336 in
532 1302 593 1351 quos
599 1288 731 1346 incurrunt,

79 1346 154 1398 Asino
165 1349 346 1405 calcitroui,aut
357 1351 417 1398 Bovi
428 1363 562 1415 cornupeta
574 1349 734 1401 similenl’o'e‘-

79 1423 109 1459 tae
121 1418 238 1459 (minarum
252 1411 265 1460 ὲ
277 1412 365 1476 ttiplici
376 1427 475 1477 corpote
486 1413 618 1462 conflatam
629 1412 732 1479 fingunt:

76 1473 118 1523 sed
129 1473 222 1539 fingunt
232 1487 335 1523 tantum.
348 1477 392 1524 Hic
403 1491 455 1524 reru
465 1473 638 1540 ipsnmvidetis
645 1512 651 1533 ,
658 1478 733 1526 nudi·

77 1548 142 1587 tores
150 1573 157 1596 ,
165 1542 190 1588 dc
202 1540 227 1588 in
239 1537 280 1587 suo
293 1539 368 1588 vultu.
375 1539 413 1588 nd
420 1539 466 1587 hoc
473 1541 538 1586 enim
546 1538 679 1589 monstrum
685 1542 731 1589 tria

77 1616 218 1652 concurrunt
236 1604 312 1660 vitia,
329 1606 478 1659 Mmdacium,
494 1606 597 1657 dividia,
615 1605 730 1662 (winstat.

78 1664 234 1715 Mendacium
246 1666 319 1730 prolis
333 1666 402 1727 hujus
412 1666 510 1777 egreffiae
520 1676 587 1727 pater
603 1663 636 1711 cst
650 1701 657 1722 ,
679 1663 730 1715 fine

78 1742 127 1790 quo
138 1728 209 1795 friget
220 1730 372 1784 onmis,imo
383 1729 443 1789 iacet
456 1742 471 1792 p
481 1742 525 1776 ane
536 1728 730 1792 calumnimquia

76 1791 288 1845 animnm‚vitam,
304 1792 375 1839 robur
387 1790 402 1840 *a
412 1790 538 1839 mendacio
547 1789 621 1837 trahit
629 1794 668 1846 ,dc
681 1792 730 1841 fine

75 1849 118 1900 suo
130 1853 232 1909 excidit,
245 1851 288 1900 nisr
302 1852 370 1900 abent
383 1868 449 1902 extra
464 1860 508 1904 Veri
516 1850 591 1909 fines,
608 1855 728 1917 augendo,

75 1914 222 1973 minuendo,
236 1915 432 1979 interpretando,
446 1914 581 1981 torquendo
605 1916 729 1967 malitiosi

75 1979 165 2027 omnia.
179 1980 265 2039 annius
273 1978 304 2026 dc
314 1980 410 2042 templo
417 1977 561 2044 torporissui
569 1979 728 2051 loquituride

74 2038 294 2104 Hierosolymitano
305 2042 330 2091 id
340 2042 431 2091 ditium
442 2044 541 2098 volunt,
558 2048 661 2091 versatur
671 2060 727 2093 tum

89 2103 249 2162 ublicanis,ut
261 2120 304 2154 tos
314 2118 435 2155 convertat
442 2107 472 2154 ad
484 2105 726 2163 neunnutcdonem,

72 2120 98 2217 ir
110 2182 222 2233 potorem
233 2169 364 2218 traducunt.
380 2167 499 2217 sabbatho
510 2166 575 2216 sanat
588 2171 675 2233 ngtos?
689 2168 723 2216 le-

71 2247 127 2295 gem
140 2230 169 2279 nb
181 2248 212 2280 eo
224 2233 340 2281 violatam
351 2230 727 2289 en'eclamant.naemoniaejicit;

70 2308 111 2404 ἔτι
123 2296 253 2359 principem
264 2297 444 2343 Daemoniotum
456 2295 480 2342 id
492 2294 541 2342 fieri
555 2292 725 2359 orcplusquam

87 2356 225 2421 lasplicmo,
241 2360 267 2406 δι
284 2359 370 2421 quovis
387 2370 521 2405 atramento
540 2360 644 2422 nigriore
661 2358 725 2406 calu-

69 2422 135 2467 mnia
152 2420 221 2483 (cum
235 2420 327 2468 nullum
340 2421 365 2467 in
378 2434 408 2467 co
420 2422 472 2467 vita:
485 2434 652 2477 momentum,
671 2421 725 2469 imo

68 2483 184 2547 temporis
211 2483 322 2539 undum,
337 2494 377 2531 aut
388 2481 505 2530 beneficio
520 2483 611 2539 sterile,
626 2496 665 2531 aut
683 2498 725 2532 va·

68 2561 138 2594 cuum
150 2497 218 2594 laude
232 2543 320 2609 fuerit)
337 2562 387 2595 non
404 2547 482 2595 minus
494 2548 579 2609 impie,
592 2560 665 2611 quam
677 2548 725 2595 im-

68 2610 183 2673 pudenter
203 2606 342 2662 affirmant:
370 2609 464 2662 similes
485 2611 576 2661 araneis
621 2623 673 2675 quc
694 2624 725 2657 ex

652 2686 732 2720 unicu-
