1612 3008
105 81 151 133 με
219 69 625 136 Jnooat'caucri

101 196 159 229 vcro
172 198 178 228 ι
195 179 305 230 concedit
317 196 433 246 inagnum
446 176 492 231 esse
504 180 611 237 crimen,
627 183 653 230 ὃ(
671 179 768 233 abdica-

102 246 170 292 tione
184 243 284 308 dignum
306 244 320 294 ‘a
344 244 439 307 publico
464 257 569 293 munere.
601 246 669 306 Qrid
693 250 775 310 ergo?-

103 319 186 372 purgat
200 312 338 363 Murenam,
354 312 378 356 dr
392 306 439 355 hoc
452 321 526 355 unum
536 320 580 369 pro
593 309 712 357 tribunali
727 325 767 357 ur-

104 382 153 434 get,
160 385 210 417 non
221 369 296 419 videti
308 367 432 419 vetilimile
442 371 519 418 virum
530 384 640 434 gravem,
650 369 766 429 sobrium,

73 452 75 459 v
102 445 153 480 tem
171 443 293 489 mantem,
307 434 393 481 virtute
411 432 499 480 eximia
512 445 559 494 prae
571 433 625 480 aliis
640 432 765 496 preditum

103 447 169 545 eoulP
177 511 206 543 ue
218 496 363 545 nominis&
376 495 479 543 muneris
490 494 593 543 oblitum
601 491 649 543 effe
657 510 686 545 ut
694 494 763 546 saltt-

103 509 214 607 dontius.
220 554 350 606 indulserit.
373 563 432 607 Non
443 558 512 605 aliter
521 571 624 669 ¹§tuoque
638 564 764 621 Dejnm

104 622 130 669 in
144 619 198 670 Afia
210 636 272 680 regem
284 618 391 670 defendit
404 619 464 684 apud
480 624 521 669 Cae
531 634 606 668 atem.
622 619 694 669 Idem
707 626 762 687 Ota-

103 694 143 731 tot
155 681 183 732 ab
198 682 271 731 exilio
282 683 355 731 redux
366 695 489 747 corruptor
504 685 566 731 ⁸Ascli
579 685 668 731 Gabinii
685 685 762 733 inimi·

104 761 147 795 cos
160 760 247 795 motet
268 746 360 794 Senatui
378 745 480 795 referens
494 746 557 794 inter
575 748 654 794 multa
668 747 762 795 lenonis

105 806 235 872 mollisque
251 808 277 857 &
291 804 435 857 effoeminati
447 807 554 856 hominis
565 808 625 856 vitia
637 823 695 858 eum
705 824 762 882 quo-

105 885 153 936 que
170 872 329 931 calamssmtum
343 872 465 930 sarlionem
488 882 567 920 votat.
597 871 671 921 Sicuti
691 884 762 921 ettam

104 948 160 982 cum
175 939 281 990 mortona,
294 930 454 997 perditissimis
467 930 575 981 motibus'
587 933 644 982 viro
657 967 667 991 ‚
691 934 762 983 diste·

102 1009 173 1062 ptans
180 996 204 1044 ti
211 1008 292 1059 prater
298 995 389 1045 crebras
396 999 421 1045 δι
427 994 563 1060 frequentes
573 992 761 1048 scortationes&

105 1059 264 1116 vinolentias,
281 1061 393 1119 [talutium
406 1059 443 1107 illi
455 1056 548 1122 insuper
558 1058 722 1123 exprobravit.
741 1060 763 1108 si

106 1123 217 1171 Gentiles
231 1120 439 1177 hac,nuditores,
451 1122 493 1185 qui
505 1121 559 1171 solo
570 1134 660 1170 natutae
672 1123 762 1173 lumine

107 1183 276 1237 dultifuerunt
290 1201 296 1230 ε
317 1183 380 1247 Quid
397 1198 442 1232 nos
456 1181 585 1235 Christian
595 1184 684 1248 quibus
697 1198 762 1235 tanta

106 1245 180 1297 hodie
192 1246 233 1294 lux
246 1247 392 1311 Euangelica
401 1246 507 1295 veritatis
519 1241 631 1357 ³ff⁰¹{“³

136 1306 275 1364 Puellam,
294 1304 433 1357 Faceffauti
451 1310 515 1366 itur,
537 1321 563 1357 ut
598 1325 656 1359 nem
668 1308 762 1359 dicendi

106 1370 216 1428 faciam,
240 1372 313 1434 longe
330 1369 344 1418 a
357 1370 426 1418 nobis
434 1324 485 1419 {ac
496 1372 607 1420 vanitatis
620 1376 647 1422 &
660 1374 762 1423 levitatis

107 1434 250 1490 certamina,
265 1434 342 1497 turpia
352 1433 401 1481 hac
412 1432 539 1483 libidinum
549 1434 713 1492 irritamenta,
727 1438 762 1485 lu·

108 1498 178 1547 xutiae
194 1495 323 1552 fomenta,
346 1511 457 1545 amorum
473 1496 611 1545 illicitorum
630 1497 767 1559 lenocinia‚.

107 1562 256 1624 voluptatum
268 1559 398 1608 carnalium
412 1557 525 1607 illecebra
540 1594 547 1616 ‚
567 1563 655 1608 Satanae
668 1562 761 1625 laquei,

109 1623 193 1671 muudi
204 1623 330 1673 tendicula
342 1623 425 1686 quibus
436 1623 526 1670 irretita
534 1621 649 1686 Juventus
658 1638 709 1671 non
722 1638 763 1670 an·

108 1697 132 1733 te
144 1688 196 1749 capi
208 1683 232 1734 sc
244 1685 309 1734 videt
320 1699 452 1749 quamcum
466 1698 534 1748 capta
545 1682 586 1740 est,
594 1699 637 1732 nec
650 1698 705 1734 ante
712 1700 763 1749 per·

107 1749 141 1797 ite
154 1763 227 1812 quam
240 1763 294 1795 curn
304 1748 380 1810 periit.
402 1746 471 1795 Adeo
483 1760 508 1796 ut
522 1759 675 1796 nontantum
686 1747 717 1797 ab
728 1763 763 1795 at·

108 1823 174 1859 mata
183 1824 256 1858 manu
269 1810 365 1857 terroris
377 1823 403 1857 ac
417 1811 512 1874 periculi
523 1808 552 1858 lit
566 1807 764 1867 adolescentibus,

108 1874 215 1925 rediviae
234 1869 326 1919 liberali
349 1871 431 1921 indole
457 1870 584 1937 praeditis,
610 1886 729 1936 quantum
749 1874 763 1923 ὶ

107 1935 230 1983 lenocinio
246 1935 410 1997 voluptatum,
424 1949 474 1999 quae
491 1932 580 1984 blanda
590 1935 613 1983 vi
630 1938 656 1985 dt
668 1950 718 1984 arte
731 1938 763 1985 si-

108 1997 314 2061 nonia,quicquid
328 1997 353 2044 in
367 1997 436 2045 nobis
451 1997 483 2046 est
497 1997 587 2061 ingenii
598 2010 636 2045 aut
647 1997 763 2064 sanguinis

108 2061 264 2125 extinguunt,
280 2063 304 2110 δι
318 2061 343 2107 in
356 2058 429 2122 ipsam
440 2061 538 2108 rationis
552 2061 668 2108 arcemin
679 2062 764 2111 animae

106 2122 232 2173 sacrarium
259 2139 299 2188 per
323 2124 444 2171 einriculos
460 2123 563 2186 irrepunt
587 2125 666 2187 magis
690 2139 764 2188 quam

109 2188 262 2250 irrumpunt:
284 2185 421 2250 faciuntque
440 2198 465 2233 ut
484 2181 556 2233 invisa
575 2186 654 2249 primo
669 2201 764 2234 morum

110 2250 228 2313 protervia
248 2248 367 2313 postremo
394 2261 492 2299 ametur.
522 2251 553 2295 Ut
574 2246 647 2296 verbo
667 2246 763 2304 finiam,

110 2313 230 2361 virtutum
243 2311 352 2359 omnium
366 2309 442 2358 custos
455 2310 487 2359 est
499 2309 711 2374 modestia,quam
723 2328 765 2360 ea-

108 2388 179 2423 otnat
192 2372 331 2422 verecundia
344 2376 369 2422 ἃ
381 2387 478 2424 morum
488 2374 605 2438 gravitas,
619 2376 684 2433 cuius
695 2374 765 2423 laude

109 2436 127 2487 st
141 2437 246 2486 ustiones
256 2434 337 2483 nostra
348 2447 436 2483 otnatae
448 2451 498 2483 non
510 2434 561 2484 sunt
577 2470 585 2491 ‚
603 2450 704 2486 omnem
718 2437 765 2486 ho·

110 2495 367 2561 notem‚spleudorem
381 2512 481 2545 omnem
493 2499 604 2546 amittant
618 2498 709 2549 nereffe
722 2500 763 2549 est.

109 2566 145 2617 lta
155 2563 226 2629 igitur
238 2561 290 2609 vitae
302 2559 384 2611 nostra
395 2561 497 2613 tationes
509 2560 658 2615 instituamur
675 2576 700 2613 ut
709 2578 766 2672 gia·

725 2640 740 2671 e
758 2642 783 2675 ιΧ

68 2828 138 2902 ἱ
