1612 3008
103 141 148 189 222
230 130 415 196 Jnconr
447 131 633 180 cnucrt

101 242 205 294 cerpunt.
238 234 323 289 Neque
336 232 400 278 enim
415 229 463 276 hnc
483 229 644 276 calumniandi
662 224 757 276 licentia

101 296 163 342 intra
176 291 277 343 susurros
289 292 361 342 hodie
371 293 519 357 ‚&ptivatos
525 292 624 356 parietes
638 289 757 339 consistit:

101 356 141 405 sed
156 355 273 405 atrocibus
298 358 377 420 palam
402 357 513 403 convitiis
543 370 606 419 tigna
626 354 757 409 crudescit,

103 417 253 483 dentatisqne
267 419 391 475 didicens,
411 420 437 468 δι
452 419 515 466 male
534 419 538 428 '
567 423 570 430 '
605 415 757 483 procacibus,

104 481 163 530 alter
177 483 203 530 in
217 484 312 531 alterius
328 481 420 529 famam
434 480 515 529 lethal'
633 492 643 528 t
663 479 758 544 spicula.

101 542 206 595 Invisum
227 544 314 593 metiti)
331 543 400 591 bonis
414 541 514 592 vitium!
644 545 678 591 im
703 540 759 591 fetis

103 604 208 667 ejusdem
220 605 305 672 speciei
317 610 378 655 inter
392 603 416 655 se
429 602 527 655 bellasti
617 620 630 654 c
643 603 759 661 fifotent,

102 668 188 718 endem
198 669 323 719 hominem
334 668 448 724 deceant,
458 666 577 732 placidum
589 680 690 724 natura,
702 681 758 731 pto·

104 731 247 796 nimumque
264 732 347 781 divino
368 746 449 796 genus.
467 736 522 779 Hac
534 726 602 779 cansa
614 728 668 787 est,
683 728 758 779 nudi·

102 806 229 850 tores,cut
238 793 445 858 impresentiarum
457 791 517 857 npnd
527 806 570 841 voe
588 792 618 842 de
631 792 759 842 calumnia

103 856 236 905 declamare
249 859 274 905 in
292 858 399 906 animum
416 855 519 912 induxi,
541 855 583 903 illa
599 856 714 905 vitiorum
730 869 759 903 o·

104 920 198 967 mnium
211 920 291 977 lemn,
305 920 403 967 inimica
417 923 486 974 Deo,
500 919 580 966 virtuti
591 916 687 967 adversa
717 932 758 966 ve·

104 983 170 1030 titali
181 983 312 1039 contraria,
327 996 382 1030 veta
397 981 516 1028 malorum
529 979 617 1042 hydra,
622 994 676 1093 gne
688 950 759 1029 lucti-

102 1040 173 1100 sa‚in
186 1045 315 1108 perniciem
325 1043 453 1092 hominum
464 1044 528 1091 male
540 1044 621 1093 foecun
640 1041 760 1100 a,identl·

103 1104 161 1155 dem
173 1106 312 1171 repullulat,
324 1110 349 1156 δι
363 1104 480 1170 quidquid
497 1102 587 1170 singula
609 1104 759 1168 turpitudinis

105 1167 209 1222 habent,
222 1166 272 1217 sola
282 1168 333 1217 linu
344 1167 386 1217 suo
399 1169 578 1232 complestitut,
594 1170 620 1217 dt
633 1170 660 1217 in
672 1170 758 1231 quevis

103 1226 192 1279 seelera
203 1232 317 1280 homines
332 1233 381 1296 agit
394 1229 581 1294 praecipitemini
593 1229 648 1279 huie
659 1228 760 1281 vitiose·

105 1294 153 1340 mel
168 1294 312 1355 mancipati,
327 1290 488 1343 mendnciose
503 1304 569 1341 totos
582 1292 709 1345 tradidere.
724 1300 758 1343 Ac

104 1365 132 1402 ut
143 1353 227 1402 ordine
237 1357 371 1419 argumenti
383 1353 480 1420 suscepti
491 1356 615 1404 materiam
621 1353 760 1420 perseqmr,

104 1417 150 1464 ttia
163 1417 223 1465 mihi
236 1416 265 1464 de
276 1433 303 1465 en
315 1418 415 1468 dicenda
426 1432 544 1483 propono,
551 1423 630 1482 Qum
641 1418 709 1469 foeda
717 1416 757 1468 lit:

104 1485 184 1541 Quam
211 1478 340 1555 perniciosa
355 1496 362 1526 τ
377 1480 509 1544 Qromodo
536 1479 647 1530 cavenda.
679 1485 760 1530 Unum

104 1553 200 1590 tnntum
213 1560 226 1591 a
240 1542 307 1592 vobis
320 1543 457 1599 contendo,
472 1546 497 1592 δι
510 1558 557 1608 qua
573 1539 665 1606 polsum
684 1545 759 1593 animi

106 1603 247 1654 demrllione
260 1619 364 1672 rogo‚ut
374 1605 435 1655 mihi
448 1620 499 1654 non
510 1621 575 1655 aures
587 1603 724 1663 solum‚sed
732 1610 756 1659 dt

105 1669 201 1717 animos
214 1668 325 1717 adhibere
336 1669 477 1742 dignemini.

138 1732 293 1780 Calumniam
309 1731 352 1793 (ut
363 1731 420 1780 rnde
433 1729 585 1779 ordintunde
603 1728 699 1780 dicendi
717 1746 758 1780 nu-

104 1789 177 1856 spicin
194 1790 254 1841 sumi
271 1793 335 1842 haud
355 1793 407 1842 rard
424 1790 521 1857 solent)
536 1792 625 1841 definio
640 1794 758 1843 occultam

105 1852 226 1903 laelionem
239 1868 289 1917 quae
300 1857 401 1904 aliorum
416 1854 501 1913 fame,
515 1853 624 1905 sermone
644 1869 684 1905 rut
705 1855 759 1906 scti-

104 1929 149 1980 pto
163 1915 279 1972 detrahit,
294 1920 320 1966 &
333 1919 466 1966 clanculum
477 1919 507 1967 de
521 1919 652 1984 proximis,
666 1922 694 1969 δι
725 1920 760 1969 le·

105 1994 204 2043 rumque
217 1980 322 2028 innoxiis
332 1995 360 2029 ea
371 1978 426 2029 serit
441 1982 556 2039 crimina,
570 1993 595 2030 ut
607 1979 624 2030 li
638 1996 690 2031 non
711 1998 760 2031 em·

105 2056 147 2152 fier
162 2042 225 2090 bona
237 2058 334 2100 eorum,
346 2056 386 2092 aut
400 2044 601 2102 vitnm‚nominis
612 2041 697 2094 saltem
709 2046 760 2095 exi·

127 2104 267 2153 imationem
279 2108 304 2154 in
318 2104 440 2156 discrimen
458 2106 565 2156 adducat.
596 2108 672 2169 Hujus
684 2113 761 2157 Atttot

104 2166 139 2216 est
152 2171 262 2216 omnium
273 2172 394 2218 malorum
406 2168 545 2218 architedlm
559 2169 646 2218 sathan
654 2171 762 2245 ,quipi-

107 2245 160 2279 mus
173 2233 317 2281 calumniam
328 2234 354 2280 in
367 2231 483 2280 mundum
493 2233 598 2281 invexit:
613 2233 676 2283 unde
686 2245 761 2283 ettam

106 2289 121 2341 d
132 2292 301 2342 calumniando
314 2293 389 2342 dietus
404 2293 437 2341 est
449 2294 584 2351 micare,
598 2294 656 2345 ficut
671 2298 698 2347 dt
711 2293 760 2360 ipsa

106 2355 201 2407 draconi
216 2389 226 2411 ,
240 2357 265 2403 δι
278 2355 376 2418 quidem
388 2355 492 2419 apposite
506 2389 513 2411 ,
531 2356 597 2421 quod
615 2357 680 2423 qunfi
695 2358 761 2419 traji-

105 2418 153 2464 ciat
166 2431 192 2463 nc
204 2428 326 2479 penetret,
341 2420 367 2465 δι
377 2421 451 2466 nonio
464 2419 549 2482 linguae
562 2417 604 2468 suae
614 2423 665 2471 telo
679 2418 763 2471 absen-

106 2490 157 2524 tem
182 2493 208 2526 ac
227 2481 394 2528 immerentem
416 2480 547 2532 confodiat.
581 2487 613 2531 Ut
638 2485 678 2533 tel
704 2483 761 2534 ltine

106 2539 242 2588 foeditatem
256 2543 394 2598 calumnie,
410 2543 489 2592 levato
502 2543 566 2608 qunfi
578 2546 634 2595 velo
651 2559 761 2597 contem·

104 2603 167 2671 plati
178 2603 261 2662 liceat,
276 2604 342 2671 quod
355 2620 385 2655 ex
397 2604 494 2658 diabolo
506 2610 604 2669 nnn&
615 2624 667 2661 non
679 2608 730 2722 nilif
735 2610 761 2657 in

110 2696 113 2701 v
587 2687 591 2695 ¹
725 2685 762 2722 α.
