1612 3008
277 108 475 159 orario
510 110 567 159 xv.
682 122 727 171 1¹7

71 220 182 257 aternum
194 204 287 259 odium
303 212 386 257 Homo
398 208 465 257 mille
483 204 601 257 mortibus
617 204 725 271 dignus,

71 269 166 337 vestigia
181 274 275 333 Caligula
293 285 422 334 premens,
442 286 524 319 nonne
542 273 644 317 ,Anicium
665 270 725 327 Vestr-

73 350 120 379 nnn
126 331 272 390 Consulem,
290 346 316 381 ur
325 334 427 397 conjuge
438 335 488 395 ejus
505 336 592 381 Sestilia
603 332 727 393 potiretur,

71 396 209 445 trucidavit?
229 403 350 444 Menum
373 397 449 445 liliam
474 398 554 443 (laudii
579 392 726 443 recusantem

70 456 119 520 posi
138 464 220 521 Poppu
238 470 343 507 mortem
356 474 389 507 nu
415 461 449 509 ias
467 455 531 514 suar,
548 456 675 506 crudeliter
687 458 724 505 in·

68 521 178 570 teremit?
193 520 329 585 privignum
345 529 380 583 ‘lea
396 540 445 569 num
459 522 549 583 crispum
565 534 662 583 poppra
681 535 723 567 na·

69 593 133 640 tum,
150 582 301 647 impuberem
312 582 402 639 adhue,
416 581 572 648 mergendum
585 583 643 631 mari
665 581 723 631 dum

69 642 193 707 piscaretur
205 680 212 704 ‚
228 642 298 695 servis
309 641 379 709 ipsius
391 646 544 694 demandavit
557 650 564 692 l
579 648 667 704 rufium
678 661 722 693 nu-

70 709 130 757 tricia
140 706 223 782 filium
236 708 350 771 relegavit
358 724 365 755 ε
373 713 466 757 Senecam
479 714 646 771 Praeceptorem
654 709 723 756 omni

68 769 585 903 ii‘iatllbltzllszddldl“illa
598 770 721 897 suisli,

68 894 150 944 ludum
168 896 275 960 aliquem
286 899 311 945 δι
324 911 420 955 iocum,
434 895 465 944 ad
485 910 569 944 necem
590 898 722 960 compulit?

69 958 126 1019 caffio
143 964 231 1020 langiu·
241 955 404 1019 jurisconsulto
417 958 500 1007 oculos
518 954 617 1007 effodit?
631 966 720 1021 Qmam

68 1018 173 1083 denique
203 1028 286 1073 urbem
319 1024 421 1085 patriam
469 1034 575 1069 vetcmm
610 1020 722 1068 editicio-

69 1098 123 1131 rum
137 1080 290 1132 deformitate
300 1083 403 1135 offensus
415 1082 534 1131 incendit?
546 1083 719 1131 &incendium

68 1144 152 1193 omnis
163 1144 260 1195 humani
268 1148 391 1212 divinique
402 1147 458 1205 iuris
470 1144 574 1201 oblitus,
587 1146 646 1193 letis
664 1162 721 1193 ocu·

18 1218 24 1225 '
67 1208 113 1263 lis,
131 1208 157 1257 dr
169 1208 236 1257 hilari
247 1208 397 1260 vultui-,turri
416 1208 569 1257 Maceuatica
586 1205 721 1271 prospexit?

67 1274 148 1335 Turpe
165 1270 277 1335 profesto
294 1272 406 1329 facinus,
426 1274 452 1321 δι
465 1272 578 1320 liniarum
599 1271 721 1320 ultricibus

67 1334 147 1398 poeuir
165 1334 331 1386 multandum!
348 1334 393 1384 Sed
405 1346 430 1382 ut
444 1332 458 1383 l
473 1332 591 1398 profanis,
607 1334 638 1382 ad
653 1340 721 1383 Sacra

67 1392 199 1454 transeam,
221 1400 301 1445 Simeon
321 1403 347 1452 θ’
364 1400 417 1446 leui
428 1430 435 1454 ,
455 1396 591 1445 vehementi
607 1397 641 1444 ira
669 1412 723 1461 per·

66 1458 124 1515 citi,
138 1456 337 1511 obonrsororis
348 1457 502 1524 surreptum,
518 1458 723 1521 statueruntquid-

66 1521 126 1587 quid
138 1522 246 1572 flaturum
258 1518 327 1581 effer,
345 1528 461 1572 Solemnis
475 1536 560 1571 omnes
577 1520 723 1577 interficere,

65 1586 134 1633 nulla
147 1598 193 1631 nec
201 1585 296 1647 periculi
309 1586 353 1643 liri,
369 1587 504 1648 &parentis
517 1600 544 1633 ac
556 1583 655 1632 fratrum
668 1581 723 1633 suo·

65 1660 136 1705 rum,
153 1659 201 1693 nec
214 1646 354 1699 innocentie
364 1662 449 1698 eorum
459 1650 502 1715 qui
516 1662 546 1695 ex
561 1649 673 1697 arcannii
685 1648 723 1695 iu·

64 1707 149 1761 sonter
160 1722 241 1767 aaut.
255 1709 334 1763 habita
343 1713 443 1765 ratione.
453 1712 527 1762 David
540 1709 582 1777 qui
596 1707 724 1762 stationem

64 1772 177 1823 ruebatur
188 1774 262 1840 Regis
274 1792 318 1827 uec
329 1775 409 1826 secido
458 1774 563 1833 nitendi,
578 1790 624 1823 nec
637 1776 721 1823 animo

65 1829 231 1899 dejectiss'm,
245 1854 300 1888 cum
311 1840 402 1889 audirer
422 1856 435 1889 e
448 1840 462 1889 i
475 1838 611 1899 Noainqui
623 1851 724 1887 omnem

16 1916 20 1929 ·
66 1896 225 1951 humanitatis
236 1898 377 1951 sensumlse
397 1904 490 1966 penitus
509 1898 672 1957 abdicaverat,
686 1914 724 1949 re-

66 1960 174 2025 pulsum,
190 1960 316 2029 ‘evestigio
329 1966 363 2013 ira
370 1964 493 2023 accensus,
507 1962 555 2013 sese
561 1961 592 2011 ad
606 1964 723 2020 illum,&

66 2025 185 2091 quidquid
203 2026 253 2085 ejus
270 2039 320 2075 erat
336 2026 482 2100 perdendum
501 2028 617 2082 accinxit,
640 2039 723 2089 prater

66 2100 178 2137 naturam
190 2085 265 2137 suam.
298 2094 354 2138 Fuit
365 2092 431 2139 enim
447 2091 489 2138 ille
502 2088 584 2153 siquis
602 2102 722 2152 unquam,

66 2153 178 2215 Princeps
198 2150 408 2209 clementissimus,
432 2156 457 2201 &
470 2154 495 2201 in
508 2150 612 2201 serendis
634 2152 724 2211 injuriis

66 2210 276 2263 moderarissimus.
295 2215 339 2262 Sed
353 2212 722 2271 nullamnonvincit,&domat

65 2277 181 2325 virtutem
193 2275 242 2324 haec
256 2274 414 2340 perturbatio,
429 2276 472 2325 ubi
491 2277 517 2323 in
536 2277 618 2325 animo
652 2274 723 2325 edem

64 2339 127 2389 lixit.
156 2340 278 2387 ,alimelech
295 2337 371 2401 Juder
390 2340 472 2403 populi
488 2337 610 2388 lsra'e'litiei
642 2339 724 2390 eviliir

64 2404 198 2457 sichimitis,
213 2402 239 2450 tr
252 2400 342 2464 oppido
354 2406 424 2450 Thales
442 2398 547 2458 obsesso,
562 2404 588 2451 δι
602 2416 722 2467 expugna·

64 2476 107 2519 to,
123 2462 282 2529 oppidanisin
293 2463 457 2512 trurimconfu
474 2463 722 2519 ientibus‚adhucfu·

64 2540 120 2575 rore
132 2528 231 2579 ardens,
248 2539 302 2572 cum
308 2526 339 2574 ad
345 2541 399 2574 eam
412 2525 443 2575 ob
453 2525 568 2576 idendam
577 2540 723 2592 properaret.

65 2589 160 2653 dejecto
172 2587 293 2652 fragmine
305 2588 375 2639 mola
387 2590 414 2638 in
430 2591 479 2651 ejus
498 2601 567 2654 caput
586 2596 600 2641 a
622 2592 721 2660 muliere

650 2665 734 2703 attam
