1612 3008
242 120 439 167 orario
470 121 561 169 xxrr.
672 132 717 181 ιη

86 218 144 271 lima
157 217 267 277 monita,
282 235 321 271 aut
334 221 509 271 medicamenta
527 221 676 270 animorum:
692 239 718 271 u·

85 298 130 349 que
141 296 256 351 pracepta
270 286 405 348 Sapientia,
422 298 473 348 qua
486 298 536 348 quo
546 283 638 333 facilius
651 287 675 332 in
692 300 717 333 a·

75 361 141 396 unos
155 346 272 404 influant,
286 345 416 397 insatiabili
427 346 530 410 quadam
541 346 718 397 admirabilium

60 424 136 459 ,crum
162 409 274 459 varietate
300 410 462 459 condierunt:
482 408 525 459 Sed
540 408 659 458 oblatrant
677 411 717 460 liic

55 471 171 536 quidam,
187 475 212 521 δι
228 470 412 522 obscoeniratem
426 472 553 537 podtarum
567 471 715 532 obtendunt,

54 536 98 599 qui
111 547 228 608 tanquam
241 532 258 582 fi
275 539 406 601 nequitiam
418 534 583 598 profiterentur
594 570 602 593 ,
620 538 718 584 incauta

56 598 186 660 juventutis
197 597 295 648 vestales
309 613 389 655 aures,
405 601 431 648 bc
448 610 542 647 mentes
554 603 652 662 Cytoro
668 600 718 647 vel·
746 615 749 622 ’

56 672 82 708 ut
96 662 185 724 poculo
197 675 330 718 venenant,
340 675 440 725 eamque
453 662 478 708 in
490 660 617 719 defidiam,
627 664 719 719 aleam,

57 720 143 780 saltus,
158 724 260 787 tripudia
274 759 281 781 ‚
299 740 373 790 vagos
387 738 481 771 amores
495 758 503 779 ,
517 725 579 788 turpi
596 726 718 773 lenocinio

56 786 212 849 compellunt.
229 785 462 844 Ello,intercurrant
474 786 582 849 quadarn
596 803 646 835 non
661 785 717 836 saitis

56 848 164 897 honesta.
197 848 276 912 Qridi
291 865 321 898 an
332 847 388 899 ideb
400 848 515 913 culpanda
528 846 620 906 Bo'e'srr,
637 849 654 897 si
673 852 716 912 qui

57 925 86 960 ca
98 910 223 960 abutantur
235 910 264 960 ab
278 912 418 968 libidinem,
434 916 460 961 &
472 926 567 959 ntorum
579 913 718 962 licentiam?

57 971 125 1047 usan
137 977 170 1023 rei
182 974 251 1023 bona
265 975 293 1022 ab
306 978 355 1038 ejus
367 971 437 1024 abusu
448 973 588 1038 distinguere
606 974 695 1023 discant
709 1009 717 1031 ‚

57 1050 101 1101 qm
118 1048 169 1086 tam
186 1040 330 1101 procaciter,
343 1051 395 1087 tant
409 1038 542 1101 petulanter
563 1051 616 1085 eam
636 1038 718 1086 tradu-

56 1110 122 1149 cunt.
155 1104 188 1148 Ut
201 1100 238 1149 illi
251 1102 292 1164 qui
304 1100 317 1151 a
330 1099 426 1167 scorpiis
439 1101 479 1149 ilii
494 1099 565 1157 lunt,
582 1099 611 1148 ab
631 1098 716 1151 iisdem

57 1160 191 1211 remedium
206 1176 304 1227 petunt:
321 1167 354 1214 ita
366 1180 396 1213 ex
410 1161 464 1226 ipsis
477 1164 557 1212 l'o'e'tir
571 1164 715 1220 vulnerum,

57 1238 111 1289 qua
123 1224 153 1275 ab
165 1240 250 1274 eorum
262 1226 347 1277 fabulis
359 1226 449 1276 inflicta
464 1223 515 1274 sunt
529 1261 535 1280 ,
550 1226 655 1274 remedia
675 1242 715 1290 pe-

56 1298 118 1337 tant.
133 1289 209 1348 Jouem
222 1290 305 1352 legunt
318 1288 450 1340 inimbrem
458 1304 555 1338 aureum
562 1287 713 1345 conversum,

57 1353 84 1400 bt
99 1365 139 1414 per
149 1353 241 1415 tegulas
254 1353 279 1398 in
294 1359 375 1401 Danais
388 1354 471 1402 turrim
489 1350 617 1416 illapsum,
633 1352 715 1400 fucum

56 1413 144 1477 virgini
156 1413 300 1463 facientem!
314 1416 343 1465 ad
357 1417 463 1465 animum
476 1428 588 1464 revocent
600 1414 715 1463 exirniam

57 1476 128 1525 illam
141 1476 220 1538 Lyrici
231 1477 291 1524 vatis
302 1475 460 1535 sententiam,

125 1545 218 1586 edurum
230 1552 264 1599 prr
276 1544 351 1588 medior
363 1545 393 1588 ire
402 1544 499 1602 satellites

123 1604 153 1648 Er
162 1612 351 1661 perrumperetamar
360 1605 431 1665 saxa,
451 1610 547 1666 potentius

124 1664 170 1709 reru
181 1662 289 1722 fulmineo.

88 1729 117 1775 In
130 1722 282 1790 magnatibus
293 1725 408 1777 luxuriam
421 1728 577 1790 detestentur,
591 1734 616 1781 dc
631 1730 655 1780 in
669 1732 715 1780 vir-

57 1789 142 1855 ginum
163 1786 313 1848 custodibus,
330 1793 433 1854 pecuniae
449 1809 565 1845 amorem.
598 1798 715 1859 Gigantes

57 1851 178 1901 videntia
197 1850 285 1901 fabulis
306 1854 395 1903 coelum
409 1854 548 1923 superosque
561 1857 648 1907 adoriri
663 1895 670 1916 ,
686 1861 712 1907 dc

56 1912 149 1964 bellum
171 1915 289 1964 intentare
305 1916 370 1966 diist
391 1915 470 1970 subeat
489 1924 596 1970 animum
617 1920 715 1969 historia

57 1979 136 2038 Masts,
149 1976 179 2027 de
194 1981 263 2027 turris
280 1977 430 2044 Bab'ylonicae
445 1984 598 2041 architectis,
613 1982 717 2031 discant·

57 2054 105 2153 ῗικ
116 2056 201 2089 eorum
213 2044 341 2106 exemplo,
356 2058 429 2107 quam
448 2061 499 2094 non
516 2043 594 2094 solum
612 2046 714 2110 impium

67 2116 100 2160 rt,
115 2102 156 2153 sed
170 2106 196 2154 &
211 2107 364 2154 temerarium
378 2114 462 2168 Θωμα
482 2109 528 2163 iu,
549 2106 588 2159 uri
601 2116 658 2169 opis
668 2113 715 2158 alt·

58 2186 103 2229 upa
118 2165 233 2230 λακτίζειν
258 2167 365 2219 Audiltnt
378 2169 411 2218 ob
424 2185 454 2218 au
472 2171 548 2218 aciam
563 2175 659 2236 Lycaonis
671 2185 715 2219 επ·

55 2241 210 2294 totorumque
221 2232 359 2281 mortalium
370 2232 518 2298 deploratam
530 2235 661 2297 nequitiam
674 2249 715 2290 ‚u-

56 2290 176 2342 niuersum
187 2292 271 2343 orbem
282 2307 396 2344 terrarum
407 2294 506 2360 profusis
519 2295 632 2345 imbribus
644 2297 715 2344 inun-

57 2355 127 2412 dari,
149 2353 210 2404 adei>
217 2369 247 2405 ut
262 2361 350 2421 opertis
368 2359 459 2409 diluvio
475 2357 616 2415 montibus,
634 2361 715 2408 omnis

57 2416 164 2467 humana
180 2427 239 2466 caro¹
248 2421 377 2479 interierit,
391 2421 484 2471 duobus
496 2434 591 2471 tantum
610 2425 715 2486 excepris

57 2485 181 2543 Deucalione
194 2477 281 2529 scilicet
297 2485 323 2532 br
341 2490 435 2545 Pyrrha,
463 2484 530 2547 quod
544 2498 635 2535 ceteros
647 2500 714 2534 mot-

56 2543 117 2593 tales
149 2559 235 2592 omnes
264 2547 351 2606 pictate
377 2549 565 2598 antecederent?
581 2551 660 2598 veniat
689 2549 715 2596 in

56 2618 166 2658 mentem
188 2606 285 2659 historia
299 2614 392 2669 alachi,
413 2615 440 2663 br
452 2609 538 2663 fabula
557 2610 630 2673 lutus
649 2625 724 2669 araxi-

407 2681 433 2729 K
622 2679 749 2720 meatum
