<?xml version="1.0" encoding="UTF-8"?>
<!DOCTYPE html PUBLIC "-//W3C//DTD XHTML 1.0 Transitional//EN"
    "http://www.w3.org/TR/xhtml1/DTD/xhtml1-transitional.dtd">
<html xmlns="http://www.w3.org/1999/xhtml" xml:lang="en" lang="en">
 <head>
  <title>
</title>
<meta http-equiv="Content-Type" content="text/html;charset=utf-8" />
  <meta name='ocr-system' content='tesseract 3.04.00' />
  <meta name='ocr-capabilities' content='ocr_page ocr_carea ocr_par ocr_line ocrx_word'/>
</head>
<body>
  <div class='ocr_page' id='page_1' title='image "./jacobicrucisuad00crucgoog_0119.png"; bbox 0 0 1612 3008; ppageno 0'>
   <div class='ocr_carea' id='block_1_1' title="bbox 70 464 595 530">
    <p class='ocr_par' dir='ltr' id='par_1_1' title="bbox 70 464 595 530">
     <span class='ocr_line' id='line_1_1' title="bbox 70 464 595 530; baseline 0.002 -15"><span class='ocrx_word' id='word_1_1' title='bbox 70 476 115 517; x_wconf 75' lang='lat' dir='ltr'>nt</span> <span class='ocrx_word' id='word_1_2' title='bbox 195 464 378 530; x_wconf 77' lang='lat' dir='ltr'>Jaconr</span> <span class='ocrx_word' id='word_1_3' title='bbox 409 466 595 517; x_wconf 82' lang='lat' dir='ltr'>cnucrr</span> 
     </span>
    </p>
   </div>
   <div class='ocr_carea' id='block_1_2' title="bbox 67 557 730 3002">
    <p class='ocr_par' dir='ltr' id='par_1_2' title="bbox 67 557 724 1259">
     <span class='ocr_line' id='line_1_2' title="bbox 69 557 722 632; baseline 0.003 -20"><span class='ocrx_word' id='word_1_4' title='bbox 69 557 168 623; x_wconf 76' lang='lat' dir='ltr'>saeviat,</span> <span class='ocrx_word' id='word_1_5' title='bbox 189 566 325 617; x_wconf 90' lang='lat' dir='ltr'>dominetur</span> <span class='ocrx_word' id='word_1_6' title='bbox 341 567 450 626; x_wconf 78' lang='lat' dir='ltr'>invidia,</span> <span class='ocrx_word' id='word_1_7' title='bbox 473 568 498 616; x_wconf 76' lang='grc' dir='ltr'>δι</span> <span class='ocrx_word' id='word_1_8' title='bbox 514 569 637 616; x_wconf 73' lang='lat' dir='ltr'>Bonorum</span> <span class='ocrx_word' id='word_1_9' title='bbox 650 601 657 623; x_wconf 93' lang='lat'>,</span> <span class='ocrx_word' id='word_1_10' title='bbox 677 570 722 632; x_wconf 78' lang='lat' dir='ltr'>qui</span> 
     </span>
     <span class='ocr_line' id='line_1_3' title="bbox 68 629 723 694; baseline 0.011 -19"><span class='ocrx_word' id='word_1_11' title='bbox 68 629 106 676; x_wconf 87' lang='lat' dir='ltr'>vel</span> <span class='ocrx_word' id='word_1_12' title='bbox 118 643 206 692; x_wconf 91' lang='lat' dir='ltr'>opum,</span> <span class='ocrx_word' id='word_1_13' title='bbox 220 632 246 680; x_wconf 75' lang='lat' dir='ltr'>dt</span> <span class='ocrx_word' id='word_1_14' title='bbox 257 629 416 694; x_wconf 75' lang='lat' dir='ltr'>dignitatum,</span> <span class='ocrx_word' id='word_1_15' title='bbox 430 630 469 679; x_wconf 85' lang='lat' dir='ltr'>vel</span> <span class='ocrx_word' id='word_1_16' title='bbox 480 629 607 685; x_wconf 61' lang='lat' dir='ltr'>doetrinae,</span> <span class='ocrx_word' id='word_1_17' title='bbox 621 643 660 678; x_wconf 91' lang='lat' dir='ltr'>aut</span> <span class='ocrx_word' id='word_1_18' title='bbox 674 635 723 682; x_wconf 86' lang='lat' dir='ltr'>vir·</span> 
     </span>
     <span class='ocr_line' id='line_1_4' title="bbox 67 690 722 765; baseline 0.006 -28"><span class='ocrx_word' id='word_1_19' title='bbox 67 692 123 739; x_wconf 85' lang='lat' dir='ltr'>tatis</span> <span class='ocrx_word' id='word_1_20' title='bbox 134 693 248 748; x_wconf 87' lang='lat' dir='ltr'>nomine,</span> <span class='ocrx_word' id='word_1_21' title='bbox 265 696 324 742; x_wconf 79' lang='lat' dir='ltr'>alios</span> <span class='ocrx_word' id='word_1_22' title='bbox 336 693 408 765; x_wconf 74' lang='lat' dir='ltr'>longe</span> <span class='ocrx_word' id='word_1_23' title='bbox 421 690 611 757; x_wconf 88' lang='lat' dir='ltr'>supereminent,</span> <span class='ocrx_word' id='word_1_24' title='bbox 636 692 722 758; x_wconf 90' lang='lat' dir='ltr'>turpis·</span> 
     </span>
     <span class='ocr_line' id='line_1_5' title="bbox 68 750 720 818; baseline 0.008 -18"><span class='ocrx_word' id='word_1_25' title='bbox 68 751 127 801; x_wconf 82' lang='lat' dir='ltr'>tima</span> <span class='ocrx_word' id='word_1_26' title='bbox 139 753 166 803; x_wconf 88' lang='lat' dir='ltr'>lit</span> <span class='ocrx_word' id='word_1_27' title='bbox 179 752 326 810; x_wconf 61' lang='lat' dir='ltr'>insellattim</span> <span class='ocrx_word' id='word_1_28' title='bbox 342 756 450 818; x_wconf 85' lang='lat' dir='ltr'>nihrlqoe</span> <span class='ocrx_word' id='word_1_29' title='bbox 468 768 496 803; x_wconf 86' lang='lat' dir='ltr'>ea</span> <span class='ocrx_word' id='word_1_30' title='bbox 510 750 627 803; x_wconf 77' lang='lat' dir='ltr'>sordidius</span> <span class='ocrx_word' id='word_1_31' title='bbox 644 770 720 805; x_wconf 86' lang='lat' dir='ltr'>exco-</span> 
     </span>
     <span class='ocr_line' id='line_1_6' title="bbox 69 816 720 881; baseline 0.011 -18"><span class='ocrx_word' id='word_1_32' title='bbox 69 816 138 880; x_wconf 81' lang='lat' dir='ltr'>gitari</span> <span class='ocrx_word' id='word_1_33' title='bbox 155 816 238 881; x_wconf 70' lang='lat' dir='ltr'>ponit,</span> <span class='ocrx_word' id='word_1_34' title='bbox 256 819 281 865; x_wconf 90' lang='lat' dir='ltr'>in</span> <span class='ocrx_word' id='word_1_35' title='bbox 299 832 354 865; x_wconf 88' lang='lat' dir='ltr'>eam</span> <span class='ocrx_word' id='word_1_36' title='bbox 371 833 433 865; x_wconf 92' lang='lat' dir='ltr'>nunc</span> <span class='ocrx_word' id='word_1_37' title='bbox 449 817 582 866; x_wconf 79' lang='lat' dir='ltr'>declamare</span> <span class='ocrx_word' id='word_1_38' title='bbox 599 816 720 870; x_wconf 79' lang='lat' dir='ltr'>constitui.</span> 
     </span>
     <span class='ocr_line' id='line_1_7' title="bbox 69 876 722 943; baseline 0.008 -17"><span class='ocrx_word' id='word_1_39' title='bbox 69 884 118 926; x_wconf 77' lang='lat' dir='ltr'>Vos</span> <span class='ocrx_word' id='word_1_40' title='bbox 138 881 285 938; x_wconf 78' lang='lat' dir='ltr'>Auditotes,</span> <span class='ocrx_word' id='word_1_41' title='bbox 310 894 356 943; x_wconf 87' lang='lat' dir='ltr'>qua</span> <span class='ocrx_word' id='word_1_42' title='bbox 373 876 465 943; x_wconf 82' lang='lat' dir='ltr'>possum</span> <span class='ocrx_word' id='word_1_43' title='bbox 483 880 559 928; x_wconf 85' lang='lat' dir='ltr'>animi</span> <span class='ocrx_word' id='word_1_44' title='bbox 578 878 722 931; x_wconf 85' lang='lat' dir='ltr'>demiffione</span> 
     </span>
     <span class='ocr_line' id='line_1_8' title="bbox 68 938 721 1005; baseline 0.008 -18"><span class='ocrx_word' id='word_1_45' title='bbox 68 953 166 1005; x_wconf 77' lang='lat' dir='ltr'>rogatos</span> <span class='ocrx_word' id='word_1_46' title='bbox 179 943 254 1001; x_wconf 88' lang='lat' dir='ltr'>volo,</span> <span class='ocrx_word' id='word_1_47' title='bbox 270 955 294 990; x_wconf 91' lang='lat' dir='ltr'>ut</span> <span class='ocrx_word' id='word_1_48' title='bbox 307 941 367 989; x_wconf 89' lang='lat' dir='ltr'>mihi</span> <span class='ocrx_word' id='word_1_49' title='bbox 380 942 410 990; x_wconf 96' lang='lat' dir='ltr'>de</span> <span class='ocrx_word' id='word_1_50' title='bbox 423 957 452 990; x_wconf 93' lang='lat' dir='ltr'>ea</span> <span class='ocrx_word' id='word_1_51' title='bbox 463 938 721 1005; x_wconf 85' lang='lat' dir='ltr'>inptatsentiatumdis-</span> 
     </span>
     <span class='ocr_line' id='line_1_9' title="bbox 68 1000 724 1070; baseline 0.006 -19"><span class='ocrx_word' id='word_1_52' title='bbox 68 1000 153 1051; x_wconf 81' lang='lat' dir='ltr'>serenti</span> <span class='ocrx_word' id='word_1_53' title='bbox 168 1019 262 1061; x_wconf 90' lang='lat' dir='ltr'>aurem,</span> <span class='ocrx_word' id='word_1_54' title='bbox 277 1008 301 1054; x_wconf 91' lang='lat'>&amp;</span> <span class='ocrx_word' id='word_1_55' title='bbox 316 1019 396 1052; x_wconf 88' lang='lat' dir='ltr'>auram</span> <span class='ocrx_word' id='word_1_56' title='bbox 408 1003 577 1070; x_wconf 80' lang='lat' dir='ltr'>benignisfimae</span> <span class='ocrx_word' id='word_1_57' title='bbox 590 1006 724 1055; x_wconf 73' lang='lat' dir='ltr'>voluntatis</span> 
     </span>
     <span class='ocr_line' id='line_1_10' title="bbox 68 1062 721 1176; baseline 0.011 -66"><span class='ocrx_word' id='word_1_58' title='bbox 68 1062 182 1176; x_wconf 65' lang='lat' dir='ltr'>praebete,</span> <span class='ocrx_word' id='word_1_59' title='bbox 197 1070 222 1116; x_wconf 68' lang='grc' dir='ltr'>θ(</span> <span class='ocrx_word' id='word_1_60' title='bbox 234 1068 291 1132; x_wconf 86' lang='lat' dir='ltr'>quia</span> <span class='ocrx_word' id='word_1_61' title='bbox 303 1068 365 1115; x_wconf 82' lang='lat' dir='ltr'>alios</span> <span class='ocrx_word' id='word_1_62' title='bbox 382 1067 482 1115; x_wconf 87' lang='lat' dir='ltr'>antehac</span> <span class='ocrx_word' id='word_1_63' title='bbox 500 1064 667 1115; x_wconf 82' lang='lat' dir='ltr'>benevolentia</span> <span class='ocrx_word' id='word_1_64' title='bbox 690 1084 721 1117; x_wconf 87' lang='lat' dir='ltr'>ert</span> 
     </span>
     <span class='ocr_line' id='line_1_11' title="bbox 87 1128 721 1193; baseline 0.011 -19"><span class='ocrx_word' id='word_1_65' title='bbox 87 1142 116 1174; x_wconf 91' lang='lat' dir='ltr'>oc</span> <span class='ocrx_word' id='word_1_66' title='bbox 129 1128 184 1176; x_wconf 91' lang='lat' dir='ltr'>loco</span> <span class='ocrx_word' id='word_1_67' title='bbox 198 1129 302 1179; x_wconf 88' lang='lat' dir='ltr'>dicentes</span> <span class='ocrx_word' id='word_1_68' title='bbox 314 1130 447 1187; x_wconf 82' lang='lat' dir='ltr'>audivistis,</span> <span class='ocrx_word' id='word_1_69' title='bbox 458 1138 489 1179; x_wconf 82' lang='lat' dir='ltr'>&#39;ea</span> <span class='ocrx_word' id='word_1_70' title='bbox 501 1145 541 1179; x_wconf 91' lang='lat' dir='ltr'>me</span> <span class='ocrx_word' id='word_1_71' title='bbox 552 1142 721 1193; x_wconf 84' lang='lat' dir='ltr'>quoquenune</span> 
     </span>
     <span class='ocr_line' id='line_1_12' title="bbox 68 1189 405 1259; baseline 0.009 -21"><span class='ocrx_word' id='word_1_72' title='bbox 68 1189 147 1238; x_wconf 89' lang='lat' dir='ltr'>audite</span> <span class='ocrx_word' id='word_1_73' title='bbox 161 1190 224 1240; x_wconf 90' lang='lat' dir='ltr'>haud</span> <span class='ocrx_word' id='word_1_74' title='bbox 235 1192 405 1259; x_wconf 79' lang='lat' dir='ltr'>dedignemini.</span> 
     </span>
    </p>

    <p class='ocr_par' dir='ltr' id='par_1_3' title="bbox 68 1252 730 3002">
     <span class='ocr_line' id='line_1_13' title="bbox 102 1252 721 1320; baseline 0.006 -20"><span class='ocrx_word' id='word_1_75' title='bbox 102 1256 166 1302; x_wconf 91' lang='lat' dir='ltr'>Cum</span> <span class='ocrx_word' id='word_1_76' title='bbox 178 1270 263 1304; x_wconf 85' lang='lat' dir='ltr'>omncs</span> <span class='ocrx_word' id='word_1_77' title='bbox 282 1257 356 1304; x_wconf 90' lang='lat' dir='ltr'>animi</span> <span class='ocrx_word' id='word_1_78' title='bbox 380 1252 566 1320; x_wconf 89' lang='lat' dir='ltr'>perturbationes</span> <span class='ocrx_word' id='word_1_79' title='bbox 591 1254 721 1304; x_wconf 89' lang='lat' dir='ltr'>vehemen-</span> 
     </span>
     <span class='ocr_line' id='line_1_14' title="bbox 69 1314 721 1384; baseline 0.009 -22"><span class='ocrx_word' id='word_1_80' title='bbox 69 1326 105 1362; x_wconf 90' lang='lat' dir='ltr'>ter</span> <span class='ocrx_word' id='word_1_81' title='bbox 122 1314 234 1366; x_wconf 88' lang='lat' dir='ltr'>homines</span> <span class='ocrx_word' id='word_1_82' title='bbox 253 1332 437 1376; x_wconf 78' lang='lat' dir='ltr'>commoveant,</span> <span class='ocrx_word' id='word_1_83' title='bbox 452 1318 527 1381; x_wconf 89' lang='lat' dir='ltr'>deque</span> <span class='ocrx_word' id='word_1_84' title='bbox 547 1317 638 1383; x_wconf 81' lang='lat' dir='ltr'>gradu,</span> <span class='ocrx_word' id='word_1_85' title='bbox 652 1319 721 1384; x_wconf 90' lang='lat' dir='ltr'>quod</span> 
     </span>
     <span class='ocr_line' id='line_1_15' title="bbox 69 1377 722 1445; baseline 0.006 -20"><span class='ocrx_word' id='word_1_86' title='bbox 69 1379 149 1436; x_wconf 86' lang='lat' dir='ltr'>ajunt,</span> <span class='ocrx_word' id='word_1_87' title='bbox 157 1377 214 1445; x_wconf 81' lang='lat' dir='ltr'>saepe</span> <span class='ocrx_word' id='word_1_88' title='bbox 221 1381 332 1443; x_wconf 65' lang='lat' dir='ltr'>deficiant</span> <span class='ocrx_word' id='word_1_89' title='bbox 340 1396 403 1437; x_wconf 93' lang='lat' dir='ltr'>,tum</span> <span class='ocrx_word' id='word_1_90' title='bbox 411 1382 520 1429; x_wconf 92' lang='lat' dir='ltr'>omnium</span> <span class='ocrx_word' id='word_1_91' title='bbox 531 1379 664 1445; x_wconf 83' lang='lat' dir='ltr'>gravissima</span> <span class='ocrx_word' id='word_1_92' title='bbox 676 1383 722 1430; x_wconf 91' lang='lat' dir='ltr'>illa</span> 
     </span>
     <span class='ocr_line' id='line_1_16' title="bbox 69 1440 721 1507; baseline 0.006 -19"><span class='ocrx_word' id='word_1_93' title='bbox 69 1440 132 1490; x_wconf 92' lang='lat' dir='ltr'>mihi</span> <span class='ocrx_word' id='word_1_94' title='bbox 143 1440 188 1491; x_wconf 87' lang='lat' dir='ltr'>esse</span> <span class='ocrx_word' id='word_1_95' title='bbox 200 1443 304 1498; x_wconf 85' lang='lat' dir='ltr'>videtur,</span> <span class='ocrx_word' id='word_1_96' title='bbox 319 1458 369 1507; x_wconf 83' lang='lat' dir='ltr'>quae</span> <span class='ocrx_word' id='word_1_97' title='bbox 382 1460 412 1492; x_wconf 81' lang='lat' dir='ltr'>ex</span> <span class='ocrx_word' id='word_1_98' title='bbox 423 1446 524 1491; x_wconf 90' lang='lat' dir='ltr'>aliorum</span> <span class='ocrx_word' id='word_1_99' title='bbox 536 1441 602 1491; x_wconf 92' lang='lat' dir='ltr'>rebus</span> <span class='ocrx_word' id='word_1_100' title='bbox 613 1441 721 1493; x_wconf 81' lang='lat' dir='ltr'>secundis</span> 
     </span>
     <span class='ocr_line' id='line_1_17' title="bbox 71 1503 722 1569; baseline 0.003 -17"><span class='ocrx_word' id='word_1_101' title='bbox 71 1506 97 1552; x_wconf 77' lang='grc' dir='ltr'>δι</span> <span class='ocrx_word' id='word_1_102' title='bbox 110 1505 225 1569; x_wconf 82' lang='lat' dir='ltr'>prosperis</span> <span class='ocrx_word' id='word_1_103' title='bbox 235 1521 365 1554; x_wconf 85' lang='lat' dir='ltr'>moerorem</span> <span class='ocrx_word' id='word_1_104' title='bbox 373 1540 380 1562; x_wconf 84' lang='lat'>,</span> <span class='ocrx_word' id='word_1_105' title='bbox 387 1522 416 1553; x_wconf 82' lang='lat' dir='ltr'>ex</span> <span class='ocrx_word' id='word_1_106' title='bbox 423 1503 635 1554; x_wconf 76' lang='lat' dir='ltr'>adversislctitiam</span> <span class='ocrx_word' id='word_1_107' title='bbox 644 1509 669 1556; x_wconf 79' lang='lat' dir='ltr'>dt</span> <span class='ocrx_word' id='word_1_108' title='bbox 676 1521 722 1554; x_wconf 90' lang='lat' dir='ltr'>vo·</span> 
     </span>
     <span class='ocr_line' id='line_1_18' title="bbox 68 1567 721 1643; baseline 0.009 -31"><span class='ocrx_word' id='word_1_109' title='bbox 68 1567 184 1628; x_wconf 88' lang='lat' dir='ltr'>luptatem</span> <span class='ocrx_word' id='word_1_110' title='bbox 198 1583 224 1615; x_wconf 85' lang='lat' dir='ltr'>ca</span> <span class='ocrx_word' id='word_1_111' title='bbox 242 1568 267 1617; x_wconf 92' lang='lat' dir='ltr'>it.</span> <span class='ocrx_word' id='word_1_112' title='bbox 284 1573 345 1616; x_wconf 82' lang='lat' dir='ltr'>Nam</span> <span class='ocrx_word' id='word_1_113' title='bbox 358 1568 414 1616; x_wconf 91' lang='lat' dir='ltr'>licet</span> <span class='ocrx_word' id='word_1_114' title='bbox 425 1568 530 1630; x_wconf 78' lang='lat' dir='ltr'>aliquam</span> <span class='ocrx_word' id='word_1_115' title='bbox 542 1583 596 1615; x_wconf 91' lang='lat' dir='ltr'>cum</span> <span class='ocrx_word' id='word_1_116' title='bbox 608 1568 643 1616; x_wconf 77' lang='lat' dir='ltr'>itai</span> <span class='ocrx_word' id='word_1_117' title='bbox 652 1568 721 1643; x_wconf 79' lang='lat' dir='ltr'>(quae</span> 
     </span>
     <span class='ocr_line' id='line_1_19' title="bbox 69 1583 722 1693; baseline 0.006 -18"><span class='ocrx_word' id='word_1_118' title='bbox 69 1640 133 1676; x_wconf 86' lang='lat' dir='ltr'>certe</span> <span class='ocrx_word' id='word_1_119' title='bbox 150 1583 351 1693; x_wconf 84' lang='lat' dir='ltr'>perturbationum</span> <span class='ocrx_word' id='word_1_120' title='bbox 368 1631 469 1678; x_wconf 92' lang='lat' dir='ltr'>minima</span> <span class='ocrx_word' id='word_1_121' title='bbox 486 1643 536 1677; x_wconf 95' lang='lat' dir='ltr'>non</span> <span class='ocrx_word' id='word_1_122' title='bbox 554 1630 602 1693; x_wconf 88' lang='lat' dir='ltr'>esi)</span> <span class='ocrx_word' id='word_1_123' title='bbox 617 1628 722 1679; x_wconf 84' lang='lat' dir='ltr'>affinita-</span> 
     </span>
     <span class='ocr_line' id='line_1_20' title="bbox 70 1690 730 1758; baseline 0.011 -22"><span class='ocrx_word' id='word_1_124' title='bbox 70 1701 121 1737; x_wconf 87' lang='lat' dir='ltr'>tem</span> <span class='ocrx_word' id='word_1_125' title='bbox 133 1690 218 1740; x_wconf 87' lang='lat' dir='ltr'>habere</span> <span class='ocrx_word' id='word_1_126' title='bbox 229 1693 348 1748; x_wconf 89' lang='lat' dir='ltr'>videatur,</span> <span class='ocrx_word' id='word_1_127' title='bbox 366 1693 481 1741; x_wconf 86' lang='lat' dir='ltr'>invidiam</span> <span class='ocrx_word' id='word_1_128' title='bbox 498 1704 580 1740; x_wconf 92' lang='lat' dir='ltr'>tamen</span> <span class='ocrx_word' id='word_1_129' title='bbox 592 1691 666 1758; x_wconf 73' lang='lat' dir='ltr'>longe</span> <span class='ocrx_word' id='word_1_130' title='bbox 677 1694 730 1744; x_wconf 87' lang='lat' dir='ltr'>illa&#39;</span> 
     </span>
     <span class='ocr_line' id='line_1_21' title="bbox 69 1752 722 1806; baseline 0.006 -5"><span class='ocrx_word' id='word_1_131' title='bbox 69 1752 213 1803; x_wconf 83' lang='lat' dir='ltr'>deteriorem</span> <span class='ocrx_word' id='word_1_132' title='bbox 222 1753 267 1804; x_wconf 87' lang='lat' dir='ltr'>esse</span> <span class='ocrx_word' id='word_1_133' title='bbox 280 1756 402 1804; x_wconf 85' lang='lat' dir='ltr'>neminem</span> <span class='ocrx_word' id='word_1_134' title='bbox 414 1753 472 1804; x_wconf 84' lang='lat' dir='ltr'>sanae</span> <span class='ocrx_word' id='word_1_135' title='bbox 483 1757 571 1803; x_wconf 87' lang='lat' dir='ltr'>mentis</span> <span class='ocrx_word' id='word_1_136' title='bbox 582 1756 653 1804; x_wconf 91' lang='lat' dir='ltr'>credo</span> <span class='ocrx_word' id='word_1_137' title='bbox 673 1756 722 1806; x_wconf 82' lang='lat' dir='ltr'>etre</span> 
     </span>
     <span class='ocr_line' id='line_1_22' title="bbox 69 1816 721 1883; baseline 0.009 -21"><span class='ocrx_word' id='word_1_138' title='bbox 69 1816 112 1878; x_wconf 94' lang='lat' dir='ltr'>qui</span> <span class='ocrx_word' id='word_1_139' title='bbox 128 1816 241 1883; x_wconf 81' lang='lat' dir='ltr'>ambigat.</span> <span class='ocrx_word' id='word_1_140' title='bbox 252 1817 353 1881; x_wconf 67' lang='lat' dir='ltr'>&#39;lustum</span> <span class='ocrx_word' id='word_1_141' title='bbox 371 1820 437 1866; x_wconf 91' lang='lat' dir='ltr'>enim</span> <span class='ocrx_word' id='word_1_142' title='bbox 454 1818 583 1882; x_wconf 83' lang='lat' dir='ltr'>aliquando</span> <span class='ocrx_word' id='word_1_143' title='bbox 600 1816 623 1866; x_wconf 93' lang='lat' dir='ltr'>se</span> <span class='ocrx_word' id='word_1_144' title='bbox 635 1817 721 1883; x_wconf 78' lang='lat' dir='ltr'>prabet</span> 
     </span>
     <span class='ocr_line' id='line_1_23' title="bbox 69 1875 721 1947; baseline 0.009 -23"><span class='ocrx_word' id='word_1_145' title='bbox 69 1875 182 1928; x_wconf 89' lang='lat' dir='ltr'>irascendi</span> <span class='ocrx_word' id='word_1_146' title='bbox 194 1893 372 1947; x_wconf 86' lang='lat' dir='ltr'>argumentum,</span> <span class='ocrx_word' id='word_1_147' title='bbox 388 1896 413 1930; x_wconf 90' lang='lat' dir='ltr'>ut</span> <span class='ocrx_word' id='word_1_148' title='bbox 431 1898 484 1930; x_wconf 87' lang='lat' dir='ltr'>com</span> <span class='ocrx_word' id='word_1_149' title='bbox 504 1880 653 1939; x_wconf 78' lang='lat' dir='ltr'>Maiestatem</span> <span class='ocrx_word' id='word_1_150' title='bbox 673 1884 721 1931; x_wconf 89' lang='lat' dir='ltr'>Dei</span> 
     </span>
     <span class='ocr_line' id='line_1_24' title="bbox 69 1932 720 2011; baseline 0.003 -23"><span class='ocrx_word' id='word_1_151' title='bbox 69 1932 181 1993; x_wconf 83' lang='lat' dir='ltr'>convitiis</span> <span class='ocrx_word' id='word_1_152' title='bbox 194 1946 302 2008; x_wconf 76' lang='lat' dir='ltr'>ptotetve</span> <span class='ocrx_word' id='word_1_153' title='bbox 314 1945 517 2011; x_wconf 86' lang='lat' dir='ltr'>impeti,gloriam</span> <span class='ocrx_word' id='word_1_154' title='bbox 528 1944 577 2001; x_wconf 80' lang='lat' dir='ltr'>ejus</span> <span class='ocrx_word' id='word_1_155' title='bbox 590 1942 720 2006; x_wconf 86' lang='lat' dir='ltr'>proscindi,</span> 
     </span>
     <span class='ocr_line' id='line_1_25' title="bbox 71 2002 720 2072; baseline 0.009 -22"><span class='ocrx_word' id='word_1_156' title='bbox 71 2016 98 2050; x_wconf 89' lang='lat' dir='ltr'>ac</span> <span class='ocrx_word' id='word_1_157' title='bbox 111 2002 475 2072; x_wconf 83' lang='lat' dir='ltr'>sugillatividemus,operaejus</span> <span class='ocrx_word' id='word_1_158' title='bbox 487 2005 720 2061; x_wconf 87' lang='lat' dir='ltr'>traduci,vetitatem</span> 
     </span>
     <span class='ocr_line' id='line_1_26' title="bbox 70 2069 720 2135; baseline 0.002 -20"><span class='ocrx_word' id='word_1_159' title='bbox 70 2070 240 2133; x_wconf 80' lang='lat' dir='ltr'>Euangelicam</span> <span class='ocrx_word' id='word_1_160' title='bbox 252 2071 349 2135; x_wconf 86' lang='lat' dir='ltr'>pedibus</span> <span class='ocrx_word' id='word_1_161' title='bbox 361 2071 505 2125; x_wconf 87' lang='lat' dir='ltr'>conculcari,</span> <span class='ocrx_word' id='word_1_162' title='bbox 523 2069 661 2116; x_wconf 87' lang='lat' dir='ltr'>innocentes</span> <span class='ocrx_word' id='word_1_163' title='bbox 674 2084 720 2134; x_wconf 88' lang='lat' dir='ltr'>op-</span> 
     </span>
     <span class='ocr_line' id='line_1_27' title="bbox 71 2130 721 2196; baseline 0.005 -21"><span class='ocrx_word' id='word_1_164' title='bbox 71 2130 156 2191; x_wconf 86' lang='lat' dir='ltr'>primi,</span> <span class='ocrx_word' id='word_1_165' title='bbox 173 2132 465 2196; x_wconf 83' lang='lat' dir='ltr'>Juslitiamviolari,leges</span> <span class='ocrx_word' id='word_1_166' title='bbox 471 2134 603 2188; x_wconf 90' lang='lat' dir='ltr'>contemni,</span> <span class='ocrx_word' id='word_1_167' title='bbox 612 2132 721 2192; x_wconf 87' lang='lat' dir='ltr'>juventu·</span> 
     </span>
     <span class='ocr_line' id='line_1_28' title="bbox 71 2192 720 2259; baseline 0.003 -20"><span class='ocrx_word' id='word_1_168' title='bbox 71 2204 122 2240; x_wconf 93' lang='lat' dir='ltr'>tem</span> <span class='ocrx_word' id='word_1_169' title='bbox 133 2196 383 2259; x_wconf 83' lang='lat' dir='ltr'>corrumpi,virtutem</span> <span class='ocrx_word' id='word_1_170' title='bbox 395 2193 419 2243; x_wconf 91' lang='lat' dir='ltr'>su</span> <span class='ocrx_word' id='word_1_171' title='bbox 436 2194 550 2258; x_wconf 87' lang='lat' dir='ltr'>plantari,</span> <span class='ocrx_word' id='word_1_172' title='bbox 560 2195 608 2243; x_wconf 88' lang='lat' dir='ltr'>hatc</span> <span class='ocrx_word' id='word_1_173' title='bbox 617 2192 671 2243; x_wconf 85' lang='lat' dir='ltr'>&amp;id</span> <span class='ocrx_word' id='word_1_174' title='bbox 677 2208 720 2258; x_wconf 83' lang='lat' dir='ltr'>ge·</span> 
     </span>
     <span class='ocr_line' id='line_1_29' title="bbox 70 2210 720 2322; baseline 0.005 -20"><span class='ocrx_word' id='word_1_175' title='bbox 70 2269 115 2304; x_wconf 84' lang='lat' dir='ltr'>nus</span> <span class='ocrx_word' id='word_1_176' title='bbox 128 2256 343 2306; x_wconf 88' lang='lat' dir='ltr'>aliaintuetinemo</span> <span class='ocrx_word' id='word_1_177' title='bbox 356 2210 575 2322; x_wconf 74' lang='lat' dir='ltr'>poted‚citrairam</span> <span class='ocrx_word' id='word_1_178' title='bbox 583 2290 589 2311; x_wconf 90' lang='lat'>,</span> <span class='ocrx_word' id='word_1_179' title='bbox 597 2257 720 2319; x_wconf 83' lang='lat' dir='ltr'>animique</span> 
     </span>
     <span class='ocr_line' id='line_1_30' title="bbox 69 2318 719 2383; baseline 0.005 -17"><span class='ocrx_word' id='word_1_180' title='bbox 69 2318 277 2381; x_wconf 81' lang='lat' dir='ltr'>perturbationem.</span> <span class='ocrx_word' id='word_1_181' title='bbox 294 2319 357 2383; x_wconf 72' lang='lat' dir='ltr'>Quid</span> <span class='ocrx_word' id='word_1_182' title='bbox 367 2320 473 2370; x_wconf 78' lang='lat' dir='ltr'>Invidia?</span> <span class='ocrx_word' id='word_1_183' title='bbox 489 2321 562 2370; x_wconf 87' lang='lat' dir='ltr'>Nulla</span> <span class='ocrx_word' id='word_1_184' title='bbox 574 2318 660 2377; x_wconf 79' lang='lat' dir='ltr'>eiiusta</span> <span class='ocrx_word' id='word_1_185' title='bbox 672 2322 719 2369; x_wconf 76' lang='lat' dir='ltr'>irt-</span> 
     </span>
     <span class='ocr_line' id='line_1_31' title="bbox 69 2380 721 2433; baseline -0.008 -1"><span class='ocrx_word' id='word_1_186' title='bbox 69 2381 148 2433; x_wconf 82' lang='lat' dir='ltr'>scendi</span> <span class='ocrx_word' id='word_1_187' title='bbox 159 2380 336 2432; x_wconf 76' lang='lat' dir='ltr'>causarnvidus</span> <span class='ocrx_word' id='word_1_188' title='bbox 348 2385 414 2433; x_wconf 90' lang='lat' dir='ltr'>enim</span> <span class='ocrx_word' id='word_1_189' title='bbox 426 2397 464 2432; x_wconf 91' lang='lat' dir='ltr'>aut</span> <span class='ocrx_word' id='word_1_190' title='bbox 476 2382 654 2432; x_wconf 87' lang='lat' dir='ltr'>virtutitantum</span> <span class='ocrx_word' id='word_1_191' title='bbox 663 2381 721 2428; x_wconf 85' lang='lat' dir='ltr'>alie-</span> 
     </span>
     <span class='ocr_line' id='line_1_32' title="bbox 69 2442 720 2511; baseline -0.002 -18"><span class='ocrx_word' id='word_1_192' title='bbox 69 2461 119 2501; x_wconf 81' lang='lat' dir='ltr'>nat,</span> <span class='ocrx_word' id='word_1_193' title='bbox 136 2458 175 2493; x_wconf 91' lang='lat' dir='ltr'>aut</span> <span class='ocrx_word' id='word_1_194' title='bbox 186 2444 295 2493; x_wconf 85' lang='lat' dir='ltr'>felicitati</span> <span class='ocrx_word' id='word_1_195' title='bbox 307 2445 410 2502; x_wconf 83' lang='lat' dir='ltr'>invidet,</span> <span class='ocrx_word' id='word_1_196' title='bbox 424 2447 520 2511; x_wconf 83' lang='lat' dir='ltr'>patique</span> <span class='ocrx_word' id='word_1_197' title='bbox 536 2444 620 2492; x_wconf 92' lang='lat' dir='ltr'>dolore</span> <span class='ocrx_word' id='word_1_198' title='bbox 631 2442 720 2492; x_wconf 84' lang='lat' dir='ltr'>damna</span> 
     </span>
     <span class='ocr_line' id='line_1_33' title="bbox 68 2505 720 2569; baseline -0.009 -11"><span class='ocrx_word' id='word_1_199' title='bbox 68 2508 238 2563; x_wconf 82' lang='lat' dir='ltr'>sua‚&amp;aliena</span> <span class='ocrx_word' id='word_1_200' title='bbox 249 2507 378 2556; x_wconf 87' lang='lat' dir='ltr'>commoda</span> <span class='ocrx_word' id='word_1_201' title='bbox 384 2512 481 2558; x_wconf 89' lang='lat' dir='ltr'>metitur</span> <span class='ocrx_word' id='word_1_202' title='bbox 504 2513 558 2568; x_wconf 84' lang='lat' dir='ltr'>Qro</span> <span class='ocrx_word' id='word_1_203' title='bbox 569 2505 676 2569; x_wconf 71' lang='lat' dir='ltr'>profecto</span> <span class='ocrx_word' id='word_1_204' title='bbox 683 2506 720 2553; x_wconf 85' lang='lat' dir='ltr'>ni·</span> 
     </span>
     <span class='ocr_line' id='line_1_34' title="bbox 68 2568 718 2636; baseline -0.011 -15"><span class='ocrx_word' id='word_1_205' title='bbox 68 2572 104 2621; x_wconf 90' lang='lat' dir='ltr'>hil</span> <span class='ocrx_word' id='word_1_206' title='bbox 115 2571 217 2632; x_wconf 81' lang='lat' dir='ltr'>turpius,</span> <span class='ocrx_word' id='word_1_207' title='bbox 232 2573 256 2619; x_wconf 75' lang='lat' dir='ltr'>dt</span> <span class='ocrx_word' id='word_1_208' title='bbox 269 2569 367 2619; x_wconf 89' lang='lat' dir='ltr'>homine</span> <span class='ocrx_word' id='word_1_209' title='bbox 387 2570 507 2636; x_wconf 78' lang='lat' dir='ltr'>indignius</span> <span class='ocrx_word' id='word_1_210' title='bbox 525 2568 656 2632; x_wconf 81' lang='lat' dir='ltr'>excogitati</span> <span class='ocrx_word' id='word_1_211' title='bbox 672 2583 718 2631; x_wconf 92' lang='lat' dir='ltr'>po-</span> 
     </span>
     <span class='ocr_line' id='line_1_35' title="bbox 68 2628 721 2707; baseline -0.006 -24"><span class='ocrx_word' id='word_1_212' title='bbox 68 2633 124 2690; x_wconf 81' lang='lat' dir='ltr'>test,</span> <span class='ocrx_word' id='word_1_213' title='bbox 139 2633 230 2695; x_wconf 87' lang='lat' dir='ltr'>hacque</span> <span class='ocrx_word' id='word_1_214' title='bbox 242 2632 337 2697; x_wconf 90' lang='lat' dir='ltr'>in&#39;parte</span> <span class='ocrx_word' id='word_1_215' title='bbox 347 2631 420 2685; x_wconf 88' lang='lat' dir='ltr'>btutis</span> <span class='ocrx_word' id='word_1_216' title='bbox 428 2631 559 2707; x_wconf 83' lang='lat' dir='ltr'>ipsislongc</span> <span class='ocrx_word' id='word_1_217' title='bbox 567 2631 670 2680; x_wconf 87' lang='lat' dir='ltr'>deterior</span> <span class='ocrx_word' id='word_1_218' title='bbox 677 2628 721 2679; x_wconf 80' lang='lat' dir='ltr'>est:</span> 
     </span>
     <span class='ocr_line' id='line_1_36' title="bbox 69 2692 719 2761; baseline -0.008 -16"><span class='ocrx_word' id='word_1_219' title='bbox 69 2712 126 2745; x_wconf 86' lang='lat' dir='ltr'>nam</span> <span class='ocrx_word' id='word_1_220' title='bbox 138 2694 155 2742; x_wconf 84' lang='lat' dir='ltr'>fi</span> <span class='ocrx_word' id='word_1_221' title='bbox 166 2694 315 2752; x_wconf 86' lang='lat' dir='ltr'>tarditatem,</span> <span class='ocrx_word' id='word_1_222' title='bbox 333 2699 359 2745; x_wconf 76' lang='grc' dir='ltr'>δι</span> <span class='ocrx_word' id='word_1_223' title='bbox 371 2699 492 2761; x_wconf 83' lang='lat' dir='ltr'>ignaviam</span> <span class='ocrx_word' id='word_1_224' title='bbox 505 2708 658 2742; x_wconf 89' lang='lat' dir='ltr'>communem</span> <span class='ocrx_word' id='word_1_225' title='bbox 676 2692 719 2741; x_wconf 85' lang='lat' dir='ltr'>ha·</span> 
     </span>
     <span class='ocr_line' id='line_1_37' title="bbox 69 2756 719 2813; baseline -0.011 -6"><span class='ocrx_word' id='word_1_226' title='bbox 69 2759 123 2807; x_wconf 87' lang='lat' dir='ltr'>beat</span> <span class='ocrx_word' id='word_1_227' title='bbox 136 2772 190 2805; x_wconf 88' lang='lat' dir='ltr'>cum</span> <span class='ocrx_word' id='word_1_228' title='bbox 197 2756 274 2813; x_wconf 81' lang='lat' dir='ltr'>atino,</span> <span class='ocrx_word' id='word_1_229' title='bbox 282 2759 424 2808; x_wconf 81' lang='lat' dir='ltr'>maledicam</span> <span class='ocrx_word' id='word_1_230' title='bbox 431 2756 612 2805; x_wconf 85' lang='lat' dir='ltr'>mordacitatem</span> <span class='ocrx_word' id='word_1_231' title='bbox 620 2770 672 2803; x_wconf 89' lang='lat' dir='ltr'>cum</span> <span class='ocrx_word' id='word_1_232' title='bbox 681 2769 719 2801; x_wconf 87' lang='lat' dir='ltr'>ca·</span> 
     </span>
     <span class='ocr_line' id='line_1_38' title="bbox 69 2817 719 2888; baseline -0.014 -18"><span class='ocrx_word' id='word_1_233' title='bbox 69 2820 249 2883; x_wconf 87' lang='lat' dir='ltr'>ne,ingluviem</span> <span class='ocrx_word' id='word_1_234' title='bbox 257 2836 310 2869; x_wconf 92' lang='lat' dir='ltr'>cum</span> <span class='ocrx_word' id='word_1_235' title='bbox 321 2836 396 2888; x_wconf 90' lang='lat' dir='ltr'>porco</span> <span class='ocrx_word' id='word_1_236' title='bbox 404 2817 606 2882; x_wconf 83' lang='lat' dir='ltr'>‚superbiamcum</span> <span class='ocrx_word' id='word_1_237' title='bbox 617 2829 719 2886; x_wconf 75' lang='lat' dir='ltr'>pavone,</span> 
     </span>
     <span class='ocr_line' id='line_1_39' title="bbox 69 2882 719 2950; baseline -0.014 -19"><span class='ocrx_word' id='word_1_238' title='bbox 69 2885 177 2931; x_wconf 87' lang='lat' dir='ltr'>ridiculas</span> <span class='ocrx_word' id='word_1_239' title='bbox 196 2882 331 2947; x_wconf 88' lang='lat' dir='ltr'>ineptasque</span> <span class='ocrx_word' id='word_1_240' title='bbox 348 2882 536 2948; x_wconf 82' lang='lat' dir='ltr'>gesticulationes</span> <span class='ocrx_word' id='word_1_241' title='bbox 556 2894 613 2950; x_wconf 31' lang='lat' dir='ltr'>cum,</span> <span class='ocrx_word' id='word_1_242' title='bbox 629 2882 719 2931; x_wconf 87' lang='lat' dir='ltr'>lrmra,</span> 
     </span>
     <span class='ocr_line' id='line_1_40' title="bbox 77 2941 716 3002; baseline -0.02 -3"><span class='ocrx_word' id='word_1_243' title='bbox 77 2948 231 2999; x_wconf 87' lang='lat' dir='ltr'>arrulitatcut</span> <span class='ocrx_word' id='word_1_244' title='bbox 242 2962 295 2996; x_wconf 88' lang='lat' dir='ltr'>cum</span> <span class='ocrx_word' id='word_1_245' title='bbox 315 2948 360 2994; x_wconf 80' lang='lat' dir='ltr'>ica</span> <span class='ocrx_word' id='word_1_246' title='bbox 368 2980 375 3002; x_wconf 95' lang='lat'><em>‚</em></span> <span class='ocrx_word' id='word_1_247' title='bbox 383 2945 544 2993; x_wconf 79' lang='lat' dir='ltr'>contentionis</span> <span class='ocrx_word' id='word_1_248' title='bbox 557 2941 655 2992; x_wconf 83' lang='lat' dir='ltr'>studium</span> <span class='ocrx_word' id='word_1_249' title='bbox 663 2953 716 2986; x_wconf 86' lang='lat' dir='ltr'>cum</span> 
     </span>
    </p>
   </div>
   <div class='ocr_carea' id='block_1_3' title="bbox 0 294 810 3008">
    <p class='ocr_par' dir='ltr' id='par_1_4' title="bbox 0 294 810 3008">
     <span class='ocr_line' id='line_1_41' title="bbox 0 294 810 3008; baseline 0 0"><span class='ocrx_word' id='word_1_250' title='bbox 0 294 810 3008; x_wconf 95' lang='lat' dir='ltr'> </span> 
     </span>
    </p>
   </div>
  </div>
 </body>
</html>
