1612 3008
266 112 527 160 ORATIOL.
663 128 708 171 435

53 227 105 263 tem
131 211 259 275 plurimum
283 210 417 261 conducit?
446 207 572 273 presertim
601 224 655 258 cum
674 223 711 260 tot

54 273 173 339 tantisque
185 273 284 323 Diaboli
303 272 477 322 tentationibus
498 287 525 320 ac
545 268 635 320 insrdiis
649 287 712 335 quo·

54 339 114 388 tidie
129 339 259 403 oppugnati
273 335 358 393 srmus,
373 334 452 384 nostri
466 337 539 383 etiam
551 333 714 386 infirmitate‘a

55 404 120 452 cultu
131 402 178 450 Dei
191 398 281 449 alliduo
294 399 407 448 abstrasti.
441 403 535 459 Quanta
550 399 631 461 itaque
645 411 713 461 pote·

57 482 85 515 ro
99 465 212 513 brevitate
226 478 253 511 ac
265 461 410 526 compendio
439 458 562 509 rasentem
581 460 611 509 de
631 466 715 510 Pecca-

56 542 86 578 to
99 528 226 576 materiam
238 541 289 573 non
307 541 351 588 pro
367 525 402 573 rei
428 524 529 588 ignitate
542 556 549 579 ‚
563 520 604 573 sed
623 524 716 589 ingenii

56 590 158 647 viribus,
172 604 200 637 ac
212 586 362 637 facultatibus
373 588 472 637 tradate
482 584 594 635 conabor.
626 592 676 635 Vos
688 602 716 635 o·

58 668 128 703 mnes
139 653 236 701 interim
248 664 330 700 otatoa
344 649 448 707 habeus,
463 662 489 699 ut
501 664 582 698 meam
594 649 621 697 in
634 648 715 699 dicen·

57 715 92 766 do
105 716 246 764 tenuitatem
258 711 409 780 longetantat
420 710 556 761 difficultati
568 713 683 775 imparem
690 728 716 762 a·

58 775 193 845 gnoscere,
212 792 315 843 eumque
330 776 406 826 vestri
424 775 571 825 humanitate
582 777 660 837 iuvare
674 791 715 825 cu·

59 843 154 908 piatis,
173 840 191 890 sr
210 856 262 889 non
280 854 325 904 pto
343 837 414 905 ipfius
428 840 531 889 materiae
549 839 716 903 magnitudine

59 921 87 955 ac
108 904 223 969 dignitate
242 915 409 969 argumentum
427 901 475 951 hoc
492 899 544 951 sum
561 902 715 961 tradatutut,

60 966 128 1033 quod
146 982 186 1015 me
205 963 269 1031 poise
281 982 333 1016 non
352 965 387 1014 ita
404 963 456 1014 sum
472 964 572 1015 demens
588 978 614 1013 nt
636 965 716 1017 existi-

60 1047 142 1087 mem,
156 1028 197 1081 sed
214 1042 308 1079 tantum
324 1028 394 1078 vobit
409 1026 558 1077 occafionem
576 1026 715 1091 pabeam,

58 1090 177 1207 popioliup
191 1096 216 1143 δι
219 1093 353 1209 1prudenter
366 1091 445 1158 mag'u
454 1090 485 1141 de
503 1093 533 1142 iia
551 1104 602 1156 quae
612 1090 716 1143 diductas

69 1172 135 1207 utut
169 1170 219 1207 itan
246 1194 252 1207 .

89 1172 212 1287 ,utigitur
223 1221 310 1271 lromrn
330 1216 488 1269 conlidetatio
504 1215 581 1289 magis
598 1214 717 1282 perspicue

63 1280 122 1341 fiat,
138 1286 163 1333 δι
175 1282 265 1350 fingula
275 1283 361 1333 melius
372 1279 466 1331 anobis
477 1281 555 1329 intelli
573 1292 654 1337 antur,
666 1296 717 1331 cet-

61 1342 176 1395 tiffimum
193 1360 221 1397 ac
229 1346 370 1397 tutilsrmum
381 1340 427 1393 effe
439 1343 495 1392 duxi
508 1356 533 1392 ut
549 1293 716 1393 felinitionem

63 1408 169 1471 ejusdem
191 1411 269 1474 primo
292 1409 353 1461 mihi
374 1404 519 1457 afferendam
534 1405 580 1455 else
597 1421 717 1478 propone-

62 1487 130 1530 tem,
143 1485 169 1521 ut
183 1488 211 1522 ea
223 1475 296 1523 veluti
309 1472 395 1523 normal
408 1470 439 1521 ad
450 1483 551 1535 quatuor
564 1481 652 1534 peccati
673 1471 718 1519 cit·

62 1535 254 1586 cumstantiatum
284 1537 471 1601 explicationem
503 1535 568 1582 viam
594 1532 717 1598 quandam

62 1597 123 1651 milti
138 1597 269 1661 prebeam,
284 1603 309 1649 dt
323 1600 470 1664 pleniorem,
489 1599 671 1661 uberioremque
690 1596 718 1645 in

61 1658 107 1708 hac
133 1661 234 1711 matetid
251 1664 346 1727 copiam
364 1663 425 1715 mihi
443 1658 610 1726 suppeteretn:
636 1659 719 1709 Nitni·

64 1736 137 1779 nrm,
160 1735 186 1771 ut
221 1725 309 1773 timum
328 1724 358 1773 de
376 1723 460 1775 nannai
478 1724 568 1776 Peccati
581 1740 590 1779 ;
605 1728 643 1772 De
660 1736 719 1787 ρει-ι

56 1786 138 1849 1cipuis
150 1738 256 1846 ejusdem
267 1785 400 1851 speciebus,
413 1788 445 1839 de
455 1784 542 1845 causa,
562 1785 592 1836 de
613 1783 718 1847 subiesto

63 1863 92 1897 ac
103 1848 206 1913 denique
221 1849 251 1897 de
263 1848 401 1900 triliiffimlt·
415 1852 465 1912 ejus
484 1866 525 1916 pet
543 1863 624 1899 totum
643 1865 719 1914 genus

63 1912 196 1961 humanum
209 1907 298 1963 diffirfit
311 1906 432 1963 effestibus
443 1928 486 1979 pto
503 1915 589 1965 vitium
608 1927 718 1961 mearum

62 1977 179 2025 tenuitate
202 1973 289 2025 dicam.
320 1978 354 2023 Ut
372 1976 444 2040 igitur
460 1976 519 2041 quid
543 1983 668 2026 Peccatum
689 1974 718 2025 stt

62 2036 138 2105 prob‘e
151 2039 304 2099 noverimua,
320 2033 472 2102 ejusdemque
489 2052 599 2089 naturam
613 2054 668 2089 ante
689 2054 717 2088 o·

63 2103 131 2151 culos
144 2099 277 2167 expositam
290 2098 485 2150 confideremus:
502 2103 635 2153 Audiamus
648 2102 720 2166 Spiri-

63 2178 117 2214 tum
141 2170 162 2215 s.
190 2180 231 2229 per
250 2163 394 2230 Apostolum
428 2168 522 2213 tionum
546 2167 690 2231 loquentem
709 2200 720 2218 ,

64 2228 76 2277 ti
100 2228 209 2289 ἁμαρτίαι
233 2228 281 2280 icat
308 2226 391 2289 arania
424 2230 478 2274 Hoc
500 2224 549 2289 est)
567 2234 672 2277 Peccatum
691 2228 720 2285 est

680 2354 720 2402 in·

62 2294 160 2352 quicquid
175 2303 251 2352 pugnat
275 2306 322 2339 cam
339 2293 384 2353 lege.
416 2293 471 2353 Qra
493 2288 634 2340 definitione
660 2288 720 2420 puid

63 2350 175 2403 brevius!
189 2352 253 2417 Quid
265 2355 358 2418 aptius?
372 2352 438 2416 Quid
455 2353 560 2403 clarius?
582 2352 646 2416 Qid

63 2414 155 2480 quam)
177 2415 301 2481 perfodiat
326 2416 373 2466 dici
402 2417 507 2481 potuit?
532 2419 598 2465 Nam
644 2432 678 2465 uae
704 2412 720 2466 δ

62 2478 188 2544 Prophetis
207 2480 268 2529 olim
289 2496 315 2530 ac
329 2479 433 2545 patribus
452 2476 542 2529 rudiori
570 2493 601 2544 po
643 2494 659 2526 o
680 2476 722 2529 lo·

62 2541 190 2608 quentibus
222 2542 289 2593 tanti
320 2543 447 2595 verborum
479 2543 569 2608 copia,
600 2540 669 2591 tanti
694 2554 720 2589 e·

62 2608 208 2674 loquentia,
228 2619 267 2660 tot
286 2606 391 2675 denique
405 2606 501 2725 {cripta
519 2602 623 2674 exptessa
650 2602 720 2673 sunt·

444 2687 459 2723 ι
670 2678 730 2725 Ψ
