1612 3008
197 152 392 200 o-uarro
423 128 550 203 xivrr..
663 166 709 209 257

59 250 144 313 heaut
156 266 236 317 parem
251 269 301 304 non
315 252 374 312 sert,
389 252 419 303 fic
432 269 475 303 nec
485 253 635 320 superiorem.
647 249 710 311 Quid

58 316 124 364 enim
141 319 263 376 t‘absolonem
274 318 369 381 impulit
377 351 383 374 ,
391 329 416 364 ut
430 318 455 365 in
468 323 562 366 Patrem
574 313 710 380 insurgeret,

58 390 122 425 arma
134 376 273 442 capesseret,
290 382 316 429 dt
328 379 357 431 ad
364 379 556 434 ¹internecionem
568 374 641 444 usque
653 389 712 446 pet·

57 436 338 551 seppereturlduperbia.
353 441 532 506 Qridprimtuta
549 442 619 493 illum
638 451 710 504 parri·

57 516 78 550 m
95 521 100 531 ι

96 516 135 555 am
149 509 246 563 cainum,
261 518 285 553 ut
299 505 398 556 fratrem
411 500 476 555 suum
496 508 587 555 Alelen·
600 499 615 552 e
628 499 710 555 medio

57 564 167 620 tolleret,
176 566 308 635 instigavit?
321 567 436 632 Superbia.
462 567 527 631 Qud
539 567 710 617 Aiiamladum,

57 637 82 674 ut
93 626 178 676 fratres
190 627 243 680 suos
254 629 283 680 ad
296 644 369 680 unum
382 645 467 680 omnes
480 627 710 680 crudeliii‘rmeneta-

57 689 342 758 retunduntlsuperbla.
359 698 412 742 Huc
423 694 465 743 illa
478 693 510 742 est
522 706 572 757 quac
581 698 709 739 Demetrium

57 752 145 811 Seleuci
156 751 232 805 filium
244 771 269 806 ut
285 757 414 822 patruelem
432 754 498 805 suum
514 759 609 821 Regem
626 756 708 802 ,Attio-

55 817 115 863 cium
124 816 280 878 interficeret,
296 824 322 872 dt
331 818 451 868 athaliam
461 818 568 885 impulit,
576 829 600 867 ut
612 815 709 880 stirpem

56 878 146 942 tegiam
158 883 314 946 extingueret.
326 887 381 932 llaec
394 884 533 930 Sententiam
545 892 570 929 ut
581 876 709 934 munitissi-

56 953 108 1001 tuae
121 940 189 991 urbes
207 946 278 1003 Juaea
296 941 563 998 aritislimaobfidione
583 943 708 1007 cingeret,

56 1001 249 1068 Hierosolymam
278 1018 444 1072 oppugnaret,
479 1003 651 1072 blasphemiam
680 1003 711 1056 iu

56 1069 136 1115 Deum
150 1072 236 1126 lsiailis
247 1085 297 1118 non
310 1072 389 1119 minut
402 1081 527 1132 proterve,
541 1081 615 1143 quam
629 1066 708 1129 impu?

56 1125 140 1193 deuter
150 1135 426 1189 evomeret,concitavit.
439 1137 495 1183 llaec
504 1132 607 1196 dentque
621 1132 707 1188 &alim

56 1188 136 1252 Lydiae
147 1195 240 1258 Regem
247 1193 469 1258 ‚opulentiffimum
482 1208 508 1245 ut
521 1196 546 1245 in
564 1202 638 1256 otum
656 1203 708 1256 pet·

55 1248 133 1303 sarum
145 1258 239 1321 Regem
249 1255 392 1324 insurgeret,
407 1257 531 1324 instigavit.
548 1262 578 1307 Et
590 1255 644 1322 quie
655 1266 708 1302 tan·

55 1313 112 1365 dem
126 1319 244 1369 malorum
257 1319 313 1371 esset
327 1321 393 1380 finis»
411 1321 533 1387 liquetur
546 1335 575 1370 ea
593 1320 656 1369 velut
675 1331 712 1372 ere,

55 1377 106 1426 alto
118 1381 224 1443 quodam
235 1387 326 1450 gurgite
334 1388 373 1442 ,in
384 1398 457 1449 genus
469 1385 600 1434 humanum
612 1393 707 1446 proma·

56 1454 113 1491 nant
126 1445 265 1501 „recensere
283 1447 417 1501 milri-esset
435 1449 546 1497 animusl
570 1448 712 1510 Tarquinium

52 1502 181 1576 irominem
192 1506 290 1559 libidine
310 1514 470 1576 precipitem,
484 1510 684 1559 avaritia-cacum
699 1538 713 1562 ,.

56 1580 187 1621 emmanem
200 1572 351 1631 crudelitate,
360 1576 441 1629 ¹furore
451 1573 593 1630 vecordem,
606 1583 709 1621 vocare·-

55 1643 109 1689 runt
118 1636 249 1691 -Supolam,
259 1639 283 1686 δι
296 1648 404 1700 putarunt
410 1634 514 1686 sufficere
526 1634 712 1684 conciturum.

56 1694 86 1741 de
100 1695 165 1743 cnim
178 1696 287 1762 impleras
297 1699 418 1757 ,audacia,
431 1699 566 1757 temeritas,
579 1710 660 1746 avana
671 1696 708 1742 as·

54 1757 155 1818 gordia,
172 1758 308 1818 iracundia,
322 1762 460 1819 crudelitas,
476 1763 585 1818 avaritia,
599 1714 708 1812 fraudet,

55 1819 217 1872 con'cusfiones
226 1827 323 1889 ,rapina
332 1862 339 1884 ,
349 1829 374 1876 δι
388 1825 503 1891 quidquid
517 1827 601 1874 talium
614 1821 647 1871 est
660 1819 709 1872 sce·

53 1882 145 1941 lerum,
160 1886 185 1935 dt
205 1884 370 1954 flagitiorum,
385 1890 502 1954 originem
520 1886 585 1938 suam
601 1884 708 1936 trahunt.

55 1948 117 1996 Hinc
129 1945 278 2013 blasphemia
292 1955 316 2002 &
331 1952 479 2001 contumelia
492 1952 516 1999 in
530 1958 607 2011 neum
622 1983 630 2007 ,
645 1963 712 1998 con-.

54 2021 159 2074 tenrptut
171 2015 286 2063 Numinis
297 2015 379 2069 nivini
387 2011 538 2074 ,seditiones,
546 2011 656 2065 conferto
668 2026 708 2060 ve·

54 2073 89 2121 lut
101 2088 113 2121 a
132 2077 197 2123 mine
209 2077 327 2126 violenter
337 2089 469 2141 erumpunt.
536 2092 538 2098 ’

72 2089 130 2185 sei
143 2150 167 2184 ut
181 2140 302 2203 exemplis.
311 2156 347 2190 res
367 2141 407 2189 liat
429 2138 538 2189 illustrior
551 2172 566 2195 ,‚
580 2137 709 2197 intuemini

55 2198 378 2262 mihi,quaso,audirores,
396 2207 493 2251 Herodem
504 2202 574 2250 illum
586 2233 594 2257 ,
607 2199 638 2256 de
648 2213 711 2263 -quo,

56 2263 126 2308 Sacrae
139 2263 237 2320 litterae,
252 2265 309 2328 quid
322 2267 387 2315 enim
401 2265 461 2313 olim
474 2264 553 2329 adegit
572 2275 597 2311 ut
616 2274 707 2327 patere·

54 2334 92 2370 tur
104 2319 127 2383 se
139 2320 152 2372 l
165 2329 255 2389 populo
265 2327 372 2386 adorari,
389 2331 415 2377 δι
427 2340 541 2392 tanquam
554 2329 651 2375 Numen
664 2325 708 2374 ali·

56 2385 288 2451 quod-proclamari,
304 2406 385 2440 nonne
397 2389 525 2456 Superbia?
540 2389 603 2453 Quid
623 2392 707 2450 caligu-

55 2450 113 2505 lam,
128 2454 284 2508 Domitianum,
298 2457 573 2517 Heliogabalum,portenta
583 2452 625 2501 illa
634 2465 710 2517 gene·

54 2512 86 2559 tis
98 2511 212 2574 humani,
228 2513 409 2579 &sceptrorum
427 2515 542 2582 propudia
560 2515 667 2579 impulit,
681 2526 707 2560 ut

54 2573 710 2640 tantocumtyphomortaiitatissuae‚&humanaesortic

55 2634 138 2696 obliti,
149 2653 194 2704 pro
207 2639 353 2703 lulithabeti
362 2643 495 2707 voluerintl
503 2645 532 2705 ds
541 2638 658 2708 teirgxose
667 2637 741 2740 {Q
