1612 3008
67 136 112 183 soa
193 120 379 187 Jncont
410 107 598 176 c'nuctt

64 232 161 292 Quota
170 225 287 274 orationis
301 227 433 276 acrimonia
447 225 583 277 dodainant
598 225 735 291 Euangeli-

66 304 121 339 cam
134 299 212 337 tuetut
224 303 251 338 ac
265 287 386 345 defendit,
400 291 461 339 iram
474 289 521 338 Dei
532 286 735 353 delinquentibus

67 352 215 401 denunciat?
230 364 320 416 quanta
338 352 414 401 animi
438 352 539 402 lenitate
555 352 736 417 poenitentibua

68 415 213 466 delistotum
230 416 325 464 veniam
338 414 465 479 proponit,
480 411 560 478 lapsos
572 414 607 464 eti
626 414 662 471 ἰ,
677 429 736 464 con·

66 477 186 528 sternatos
198 477 289 535 aeficit,
303 490 407 527 ettantet
419 477 608 543 teducithuam
638 478 736 535 renitet,

67 539 189 607 perspicue
199 554 298 597 tamen,
312 537 393 590 abdita
404 539 540 606 Religionis
551 538 672 604 mysteria
684 573 692 598 ,
709 542 734 592 δι

68 603 225 656 difficillimas
238 601 378 668 questiones
389 602 482 658 enodat
495 606 504 653 ἒ
518 615 611 679 quanta
630 602 737 654 dexteti·

68 681 120 718 tate
130 665 475 732 Pseudapollolotuan'fraudes
485 668 512 717 dt
525 664 674 729 unpostutas
692 664 735 716 de-

68 728 736 857 libelliillnllllllltffi

69 858 149 908 anniae
162 858 188 907 δι
199 854 297 909 distetia
313 853 409 905 fortiter
425 853 526 905 annuet
545 860 605 920 Qto
622 868 736 921 tempore

69 935 125 970 cum
139 917 246 969 AEschine
257 917 387 971 decettant
405 916 601 976 Demosthenen,
616 918 652 969 ad
672 917 735 968 udi·

69 986 135 1035 eitun
146 980 207 1033 istud
222 978 347 1032 coneutsus
359 981 374 1032 ὲ
385 981 536 1031 totaGtaecia
546 979 626 1032 ladius
701 980 736 1031 di·

70 1047 132 1099 citut
142 1044 216 1095 :nihii
227 1046 294 1094 enim
304 1057 357 1095 tam
369 1056 409 1094 aut
419 1041 572 1110 speltandun
581 1055 624 1095 aut
637 1044 735 1096 audien-

71 1106 131 1159 dum
143 1105 190 1158 elle
202 1106 362 1171 judicabatur,
378 1105 453 1172 quim
466 1108 571 1158 duorum
583 1104 736 1160 summotum

72 1180 204 1225 oratorum
216 1171 278 1221 intet
289 1171 313 1223 se
325 1171 458 1222 contentio.
490 1176 524 1222 At
537 1184 596 1220 teto
609 1171 669 1236 quis
687 1185 736 1221 non

90 1236 154 1286 otius
166 1247 221 1284 eum
234 1235 364 1298 Augustino
382 1245 451 1300 optet
472 1246 591 1285 aceunete
604 1266 612 1291 ,
625 1245 655 1283 ut
673 1232 737 1283 hunt

71 1253 194 1355 bammum
207 1301 335 1348 Oratorem
348 1299 400 1347 non
418 1296 450 1353 de
471 1310 497 1347 te
515 1296 636 1355 levicula,
651 1309 679 1346 ut
723 1296 737 1346 d

72 1371 174 1417 cotona
187 1373 271 1414 autea,
284 1360 315 1410 de
326 1374 373 1426 qua
385 1374 441 1410 cum
454 1357 619 1411 Demosthene
630 1307 737 1411 nsebbi

73 1431 105 1481 lis
115 1425 161 1478 fuit
172 1437 199 1473 ac
210 1423 350 1480 contentio,
364 1420 405 1473 sed
417 1426 461 1472 lon
479 1425 493 1475 e
506 1420 650 1489 graviffimis
665 1425 693 1475 δι
707 1421 738 1472 ad

72 1494 180 1544 Salutem
209 1485 364 1537 ettinantibus
374 1482 443 1535 rebus
473 1489 576 1537 'centem
589 1484 737 1536 andiacum

73 1554 136 1609 iilud
147 1501 261 1617 quidem,
274 1550 424 1606 Auditotes,
450 1562 477 1600 ut
495 1552 522 1601 dt
540 1561 625 1599 caeteta
652 1564 670 1598 ο
687 1561 738 1598 tate

73 1634 132 1671 cum
144 1613 291 1671 sanetiffimo
301 1616 374 1673 vito,
389 1611 405 1664 s
442 1626 544 1663 ateveta
557 1624 598 1663 aut
612 1625 643 1663 co
673 1612 738 1680 equi,

74 1681 143 1750 quod
155 1691 266 1744 optamus
279 1712 287 1736 ,
301 1693 353 1727 non
364 1693 397 1743 po
415 1692 492 1728 umus.

107 1742 172 1810 Qtid
183 1741 271 1799 restat,
285 1739 329 1789 nifi
341 1752 366 1790 ut
378 1739 501 1790 chtistutn
512 1772 521 1796 ,
534 1751 610 1802 quem
624 1735 651 1786 in
665 1750 738 1787 carne

74 1821 160 1858 coram
170 1803 247 1853 oculis
258 1800 396 1866 ptzsentem
407 1805 494 1855 intueti
506 1816 558 1851 non
570 1801 646 1858 licet,
660 1801 739 1851 oculis

75 1870 133 1920 fidei
145 1871 279 1919 intueamut
288 1864 423 1922 ‚sedentem
435 1866 465 1915 ad
479 1863 588 1915 dextram
600 1863 649 1914 Dei
657 1865 740 1937 patris,

73 1949 132 1983 eum
145 1933 171 1981 in
183 1926 256 1979 verbo
262 1929 312 1990 ejus
323 1928 494 1986 audiamus„&
504 1924 645 1992 prasentem
656 1942 685 1976 m
698 1931 738 1975 sa-

76 1992 205 2047 cramentis
228 1989 366 2043 habeamus.
398 1997 507 2042 Romam
527 1990 588 2039 oiim
605 1987 738 2042 flotentem

76 2063 104 2110 in
116 2055 228 2124 Rep.hac
237 2053 384 2105 nosttabene
396 2054 523 2105 constituta
532 2050 741 2118 spestandamno·

76 2121 115 2174 bis
128 2117 387 2189 proponamusastnon
400 2120 430 2168 iis
442 2115 737 2182 opibus,eaimpetiinta·

76 2186 217 2253 gnitudine,
234 2198 278 2232 nec
288 2184 338 2246 pati
348 2183 472 2254 potentia,
487 2195 515 2229 ea
526 2179 611 2229 saitem
622 2192 674 2251 qua
691 2178 740 2229 Dei

79 2251 175 2316 Optimi
187 2248 291 2297 Maximi
299 2245 418 2310 prandio,
433 2241 594 2309 benignitate,
607 2238 739 2305 providen-

78 2316 114 2364 tia
126 2313 240 2362 haetenus
251 2309 333 2358 invidi
341 2308 447 2357 stetimus
454 2303 561 2355 adversus
568 2300 740 2354 infenfiffimon

80 2376 185 2427 hostium
198 2371 333 2422 nolitotum
345 2374 455 2435 impetus.
473 2369 570 2418 Paulum
584 2363 672 2415 vetofi
687 2382 739 2419 non

81 2442 108 2490 in
120 2453 174 2493 ote,
182 2438 208 2485 in
219 2433 308 2500 scriptis
314 2435 437 2484 videamus
443 2452 451 2492 3
460 2435 485 2483 &
493 2447 543 2496 quae
551 2428 739 2480 salutatinnobis

81 2503 147 2553 dedit
160 2498 272 2550 doctrina
285 2497 342 2548 fidei
356 2501 382 2548 δι
395 2497 490 2562 pietatis
502 2494 608 2550 monita,
620 2506 650 2541 ea
663 2493 740 2543 animi

82 2564 236 2615 veneratione
250 2563 422 2624 ampleliamur
439 2572 464 2607 ut
478 2573 529 2607 non
548 2556 670 2609 douiotes
683 2570 740 2607 mo·

82 2629 116 2684 do
127 2626 204 2682 sed&
215 2624 328 2678 nelioaes
339 2623 397 2680 facti
409 2635 495 2678 atetna
511 2618 642 2688 aliquando
656 2650 664 2679 ,
681 2617 741 2731 ittig
