1612 3008
104 111 152 156 ⁴50
248 93 432 158 Jaconi
463 94 651 143 caucin

104 194 251 264 parasitus&
264 192 408 252 allentatoi,
424 199 466 243 Ma
501 193 564 243 oilli
577 196 603 244 δι
617 196 723 247 nomine
736 199 760 249 δι

105 277 131 311 re
143 258 293 315 Alexandro,
308 258 339 307 ob
357 256 460 307 occisum
499 256 641 315 seClvtum
654 260 761 325 gravissi·
803 308 805 315 ,

104 322 145 373 ιηὲ
158 323 263 378 dolenti,
278 317 413 385 per'snadeie
425 331 524 394 cpnatus
535 311 584 386 est)
600 319 640 370 sed
654 324 714 386 quia
736 340 761 374 u·

105 386 167 435 stitia
180 384 302 435 adfistente
315 387 347 432 ita
359 382 495 434 decrevisset
505 416 513 438 ‚
525 399 583 432 nam
599 384 709 435 fxuendae
736 404 762 436 u·

105 448 170 497 stitia
191 445 258 497 eausa
277 445 402 496 eredebant
422 444 585 512 sapientissimi
605 448 667 497 olim
696 451 761 507 vini,
803 446 805 451 ’

104 511 201 576 Juliitiae
211 524 319 559 amantes
330 515 408 575 Reges
415 508 599 570 ‚constituendos
616 507 671 560 effe.
705 518 761 577 Qua

105 573 203 638 quidem
229 574 302 622 virtus
316 587 378 635 quan
398 586 453 621 uam
480 586 521 637 pet
546 571 660 622 omnium
681 573 761 625 homi-

105 652 165 686 num
178 638 255 686 vitam
270 637 304 684 ita
319 637 370 685 see
406 634 461 684 ndat
476 670 483 692 ,
498 646 524 683 ut
542 634 604 683 nihil
616 639 701 695 reste,
722 653 761 687 ue·

105 700 164 749 dum
177 699 283 763 preclare
296 697 428 775 quidquam
441 696 490 746 line
501 695 530 745 ea
546 696 651 763 ptustaui
668 714 759 765 queat,

106 778 150 811 nec
163 763 265 811 omnino
277 760 375 812 honeste
387 762 466 809 vivere
475 760 588 809 homines
600 759 649 810 fine
668 762 698 812 ei
709 761 761 828 pos·

106 823 166 873 sint:
182 831 275 874 Tamen
287 823 304 872 li
317 824 415 888 usquam
427 834 489 871 certe
501 823 525 869 in
539 822 624 872 illustri
645 826 672 874 &
691 840 762 892 augu-

106 886 143 935 sto
155 889 288 952 Principum
300 902 397 936 munere
412 883 487 951 longe
495 899 542 948 pxae
561 888 652 935 eatenis
669 889 775 945 virtuti,

106 949 149 999 bus
168 951 254 999 emicat
269 985 276 1007 ‚
291 954 317 1000 &
336 948 407 999 facile
426 948 456 996 de
476 947 609 1013 Principum
627 951 760 1003 contendit.

107 1018 142 1062 Ea
154 1014 267 1062 nimirum
277 1013 306 1061 ab
320 1010 373 1077 iplis
385 1012 473 1076 exigit,
487 1022 513 1059 ut
525 1012 590 1076 leges
603 1026 664 1078 quas
678 1012 692 1063 ἂ
708 1019 760 1064 Ma-

108 1073 197 1136 juribus
210 1074 255 1124 suis
268 1088 306 1124 tot
318 1088 383 1124 netto
395 1072 482 1130 saeculis
489 1074 503 1130 ‚⁸
512 1086 553 1136 per
571 1087 609 1123 tot
632 1075 760 1125 hominum

107 1152 191 1187 manus
201 1139 327 1187 inviolatas
341 1138 370 1186 ad
382 1135 405 1186 se
413 1134 556 1186 transmillas
567 1150 724 1202 acceperunt,
736 1140 761 1189 δι

107 1214 166 1264 quas
181 1200 211 1249 ad
222 1202 333 1265 ingenia,
352 1215 434 1249 mores
451 1201 478 1249 &
495 1213 605 1249 naturam
624 1202 704 1266 gentis
720 1199 761 1252 sm

108 1261 272 1311 conformatas
284 1259 436 1321 effevident,
450 1261 541 1312 sanlius
560 1265 586 1312 δι
605 1264 761 1314 intemeratas

104 1323 151 1374 else
162 1325 317 1375 velinttnam
329 1339 368 1374 eas
380 1323 611 1383 fiviolant‚t011unt
622 1326 761 1377 &fiinditus

105 1385 244 1439 subvertunt·
259 1390 360 1452 Imperia
382 1387 428 1437 sua.
461 1393 520 1437 Non
541 1390 606 1437 enim
628 1402 655 1439 ut
670 1390 762 1455 gladius

105 1452 236 1517 Delphicus
249 1453 331 1504 multis
342 1467 369 1501 ac
381 1449 476 1501 diversis
489 1448 581 1508 usibus,
596 1449 628 1500 fic
646 1468 698 1502 nne
720 1468 762 1502 ee·

107 1514 213 1581 demque
225 1517 290 1582 leges
304 1514 414 1565 omnibus
426 1516 519 1579 populis
532 1515 695 1580 conueniunt:
713 1531 761 1564 non

105 1578 192 1629 iisdem
202 1581 325 1644 Imperiis,
339 1594 390 1628 non
408 1577 496 1626 eodem
515 1576 592 1625 modu
609 1580 661 1644 regi
675 1592 761 1627 omnes

105 1640 194 1691 debent
207 1656 247 1691 ant
258 1638 351 1706 poliunt
365 1676 372 1699 ‚
387 1641 427 1690 sed
445 1638 490 1689 suia
507 1653 655 1703 unaquaeque
672 1639 761 1706 Respu-

107 1703 169 1753 blica
181 1699 224 1753 stat
234 1703 340 1769 legibue,
356 1707 382 1755 δ(
394 1705 419 1752 in
432 1718 512 1751 earum
522 1700 687 1752 observatione
704 1705 761 1771 legi·

107 1767 194 1814 timum
208 1782 235 1815 ac
247 1766 329 1815 stabile
341 1766 373 1815 est
385 1768 517 1830 Principum
530 1764 761 1832 imperiumtestque

106 1829 166 1876 illud
180 1826 290 1891 supremae
312 1826 354 1878 sue
369 1828 490 1895 dignitatis
507 1827 715 1887 fundamentum,
734 1844 760 1878 ac

102 1889 282 1955 firmamentum

113 1955 116 1959 '
137 1957 280 2018 Quanquam
308 1956 408 2005 alterum
427 1952 487 2002 illud
512 1951 577 2017 quod
601 1956 762 2002 malevolentiam

106 2017 273 2079 appellamus,
289 2018 331 2083 ipli
352 2032 448 2081 qnoque
468 2031 518 2065 non
533 2017 665 2126 iffinoranm
687 2032 761 2081 quau·

105 2089 157 2126 tum
183 2096 269 2145 nempe
289 2082 407 2129 momenti
429 2075 509 2127 afferat
530 2094 543 2126 a
583 2080 760 2143 tranquillum,

105 2155 133 2189 ac
152 2142 288 2192 diuturnum
314 2141 456 2206 Reipublicae
483 2140 569 2190 ilatum
584 2158 590 2189 ε
605 2140 668 2190 hunc
690 2141 761 2190 intel·

104 2204 122 2252 li
140 2220 156 2251 o
175 2203 304 2262 allecium,
327 2221 455 2260 amorem,
475 2203 577 2252 studium
594 2201 760 2254 benefaciendi

106 2219 204 2318 finiminis
217 2269 275 2322 suis¹
291 2283 421 2332 eorumque
439 2267 596 2326 commodis,
611 2282 666 2315 cum
683 2270 760 2331 ptiva-

105 2329 136 2376 tis
161 2344 212 2379 tum
235 2329 333 2394 publicis
356 2329 517 2395 invigilandi,
540 2345 569 2377 ex
597 2344 700 2395 quorum
721 2326 761 2378 usu

105 2392 227 2441 metienda
246 2391 291 2442 effu
311 2394 393 2442 omnia
419 2391 516 2441 conlilia
542 2389 601 2450 sua,
628 2388 761 2458 omnesque

106 2456 211 2504 ustiones
223 2453 272 2504 suas
283 2456 428 2520 profitentur.
461 2461 516 2504 Huc
528 2454 577 2519 ipsa
588 2453 662 2505 efficit
675 2452 759 2505 utsub·

106 2516 211 2565 diturum
223 2523 301 2566 Patres
314 2518 373 2574 sint,
388 2532 438 2565 non
452 2519 553 2567 Domini
566 2535 573 2574 ;
594 2522 695 2585 Reges,
710 2533 761 2567 non

101 2580 214 2647 Tyranni.
235 2579 273 2635 ab
291 2581 340 2636 hoc
361 2578 480 2635 ubetximu
497 2580 568 2632 fuute
583 2582 669 2646 teliqui
681 2587 770 2691 RQ

68 2820 98 2902 l
