1612 3008
122 168 169 222 ψ
248 157 662 221 Jrcorrcnocrr

125 246 217 306 solent,
232 247 257 296 in
270 245 353 296 limine
366 249 444 311 primo
463 263 493 297 ue
504 245 569 296 aditu
580 248 692 312 plurima
709 260 782 298 ocurr-

123 325 248 377 rant‚qute
259 312 332 358 etiam
344 312 370 358 in
382 310 430 360 hoc
442 261 511 360 dudit
522 324 611 376 genere
617 310 782 362 versatiliimot

125 374 189 425 haud
200 387 283 439 pamm
294 370 427 437 perturbare
440 371 530 423 solent:
547 386 602 423 tum
613 372 696 424 hocce
709 375 737 424 in
753 388 783 422 ar·
805 429 806 432 Ἴ

126 450 243 505 gumento
256 434 286 484 ad
299 435 448 486 trallandum
461 451 505 502 pto
539 435 600 494 sito,
616 438 727 501 plurima
743 434 783 487 sest
805 447 806 477 ³

126 498 230 550 offerunt
241 513 292 564 quae
305 498 404 548 anxium
421 513 489 548 mer
520 498 579 551 dunt
600 502 627 549 δι
647 497 784 551 sollicitum

125 568 213 629 Neque
223 575 306 611 tamen
319 560 349 610 de
361 563 390 612 iis
402 576 464 612 nnnc
475 561 546 612 verba
557 562 667 621 faciam,
685 578 739 631 que
751 562 783 613 vei

126 629 153 677 in
166 627 241 675 Primi
274 639 301 673 m
312 625 371 674 aulis
389 625 520 685 ventilari,
533 625 572 675 vel
588 627 781 693 Rerumpobliee·

126 704 182 739 rum
195 704 241 738 con
251 687 300 739 rliic
312 689 398 753 agitati
408 686 487 738 solent
494 706 503 746 ς
521 703 601 754 neque
614 690 696 741 etiam
709 690 739 741 de
747 694 781 739 le·

127 753 191 802 riclis
202 753 229 800 in
240 750 344 802 dicendo
357 752 395 808 vi,
407 765 481 816 quem
493 749 526 801 lie
536 753 637 801 animos
649 757 779 803 Grecorm

127 829 240 871 movere,
256 814 351 864 flectere
362 816 389 863 dc
403 814 528 878 percellere
538 812 656 874 solitum,
670 814 783 867 memorie

127 876 250 943 proditum
267 877 337 926 estut
356 880 434 926 Po'c'tae
451 888 580 929 tonantem
632 878 684 929 tine
702 882 729 931 δι
743 876 783 927 fol·

127 955 186 989 men
197 941 301 990 cientem
312 937 441 998 finxerint3
456 953 486 988 ne
498 940 528 989 de
546 941 591 991 Ari
612 940 663 991 ldie
680 940 784 1007 Institit,

128 1002 261 1056 Alexandri
272 1002 425 1061 fortitudine,
442 1001 566 1066 prudentii
578 1002 651 1053 Fabii
667 1004 783 1058 Maximi,
805 1036 806 1042 =

128 1067 279 1117 continentia
292 1072 311 1116 E
329 1065 476 1122 aminondae,
491 1068 571 1124 Curii,
587 1066 706 1127 Fabricii,
721 1070 746 1118 δι
760 1079 782 1113 ι-

127 1130 218 1180 liorum
231 1079 354 1180 citrunius
365 1144 436 1197 agam
446 1147 455 1188 ;
469 1124 510 1178 sed
522 1128 553 1179 de
564 1128 785 1187 Liberalitatem-

129 1190 174 1241 bill
187 1194 229 1242 illa
240 1194 355 1243 virtutum
365 1191 462 1259 regini,
477 1191 540 1257 apud
551 1208 596 1242 vos
614 1192 783 1257 dicereinprc·

128 1253 259 1306 sentiarum
270 1255 304 1307 est
315 1252 422 1313 animus,
436 1261 486 1307 Vos
497 1253 628 1306 Auditores
644 1270 695 1323 qut
705 1268 744 1321 prr
753 1250 783 1301 est

116 1332 118 1336 ⁴
131 1314 282 1370 observantid
293 1331 391 1385 rogatos
402 1319 477 1378 volo,
489 1330 515 1369 ut
529 1330 653 1370 attentam
671 1319 733 1371 mini
747 1330 783 1367 ιιι·

130 1395 184 1430 rem
194 1382 275 1447 largiri
289 1381 352 1431 haud
368 1380 540 1449 dedignemini.

164 1451 201 1494 Ac
213 1461 244 1495 ne
255 1445 296 1496 diu
307 1458 374 1495 extra
388 1446 468 1502 oleas,
483 1456 509 1494 ut
520 1444 692 1513 ajunt,vngeri
703 1442 785 1500 viden,

130 1508 186 1572 quis
197 1507 258 1558 adeo
271 1509 303 1559 est
317 1508 345 1558 ab
358 1510 427 1559 omni
437 1509 529 1559 ratione
541 1507 670 1560 derelilius
688 1510 730 1575 qui
740 1521 785 1556 nor

131 1570 212 1623 videat
224 1572 306 1623 decere
316 1573 434 1630 militem,
451 1584 475 1621 ut
487 1573 629 1636 Imperatori
642 1569 686 1621 suo
697 1583 784 1621 moreni

131 1640 212 1700 geratl
227 1636 335 1694 servum,
350 1649 375 1685 ut
388 1636 498 1685 Domino
515 1638 556 1684 luo
574 1632 742 1684 obsecundet?
761 1630 785 1680 li·

132 1699 208 1756 lium,
222 1711 247 1749 ut
260 1702 332 1764 patris
343 1699 462 1747 voluntati
473 1708 551 1762 pateat
564 1698 572 1744 l
587 1695 783 1762 dispensatorem.

131 1773 159 1810 ut
171 1767 236 1811 bona
247 1762 360 1826 Principis
378 1760 412 1811 sui
429 1761 531 1813 fideliter
544 1758 670 1811 distribuat
687 1764 696 1811 l
725 1755 784 1811 fland

132 1824 201 1873 aliter
213 1823 336 1874 nobiscum
349 1838 526 1890 comparatum,
545 1823 691 1880 Auditores,
708 1824 732 1873 in
747 1822 785 1893 lite

133 1886 219 1935 mundi
234 1889 381 1938 oeconomia.
414 1890 508 1938 Milites
527 1882 606 1935 sumus
623 1884 712 1937 summi
730 1886 782 1934 illm

133 1952 288 2013 Imperatoris
301 1971 309 2009 3
326 1953 406 2017 quiue
422 1954 447 2001 in
463 1949 584 2006 coelestia,
599 1948 632 1999 lic
644 1954 672 2001 δι
685 1951 711 1998 in
721 1960 776 1997 terre

133 2011 189 2061 llria
200 2011 267 2064 suum
279 2028 371 2063 exercet
384 2015 524 2080 imperium:
540 2013 578 2062 cui
596 2015 694 2070 maria,
709 2010 771 2061 venti

134 2074 231 2135 sidera,
251 2079 288 2126 eui
304 2078 414 2134 coelum.
435 2090 517 2135 terra,
536 2088 646 2125 creaturae
674 2087 768 2149 quotqu¹

134 2137 186 2190 sunt
198 2142 224 2191 in
234 2140 283 2191 hoc
294 2137 409 2190 Univetso
420 2143 539 2190 nrrlitant:
552 2139 612 2203 quid
624 2140 737 2199 aiolrmo
748 2134 763 2186 se

133 2205 158 2253 vi
172 2202 249 2253 sumus
267 2204 331 2252 illius
350 2204 473 2261 Domini,
495 2202 537 2268 qui
555 2218 601 2251 nos
618 2199 747 2256 condidit,

134 2265 276 2319 admiranda
288 2264 328 2316 sua
342 2266 492 2330 providentil
508 2278 587 2313 tuetur
604 2280 631 2314 nc
649 2261 754 2315 conserve

134 2330 239 2395 denique
263 2328 432 2394 dispenlirtores
453 2331 551 2380 illorum
570 2326 714 2383 bonorum,
742 2341 749 2370 ι

135 2394 202 2459 largd
219 2408 292 2441 manu
308 2395 334 2441 in
350 2409 394 2442 nos
409 2393 517 2441 contulit.
551 2392 617 2455 Qrid
640 2389 706 2440 enim
726 2386 746 2436 ο1

136 2472 196 2513 cro,
216 2455 361 2511 Auditorcs,
384 2455 518 2512 habemus,
543 2455 611 2527 quod
633 2469 685 2503 non
700 2464 740 2501 aec

137 2534 210 2575 mus,
243 2518 290 2569 stvc
311 2518 376 2568 bona
396 2517 442 2568 smt
459 2518 534 2568 animi
548 2524 596 2568 lrve
613 2516 736 2582 corporis?

154 2596 186 2629 uo
201 2581 267 2638 fine,
284 2580 330 2630 'nili
345 2593 371 2629 ut
388 2582 485 2632 illorum
505 2579 679 2645 dispenfirtores
700 2577 731 2628 fin

131 2596 267 2700 dicundum
281 2646 436 2700 voluntatem
443 2646 528 2712 mrem
536 2645 602 2695 illius
616 2650 726 2695 oeconor
