1612 3008
88 420 132 463 132
228 402 412 468 Jnoonr
443 386 631 457 cnu'crr

86 506 201 565 notibusr
217 508 278 558 alios
292 507 439 568 eruditione,
455 512 481 559 δι
497 509 603 558 nominis
615 506 683 557 fama
696 522 743 573 pre

89 572 174 620 moitis
193 572 299 621 eminere
311 571 419 622 videmus
432 607 439 629 ,
453 572 564 622 orn'nium
575 572 663 620 horum
675 584 745 621 auto·

86 649 151 683 rent:
159 636 184 683 &
196 633 335 699 largitorem
346 631 393 683 effe
406 636 536 700 Drum‚qui
547 645 573 682 ut
586 647 637 681 non
648 633 743 683 uuidar

85 697 170 746 eunaa
181 697 287 763 regioni,
304 695 412 746 scafam
423 709 448 745 ut
461 700 493 744 bn
501 700 588 759 segnes,
602 697 649 745 illie
659 701 744 745 veniam

79 761 164 820 filicitas
175 774 233 808 uva:
249 757 280 806 fic
292 774 343 807 nou
356 761 381 808 in
393 774 467 809 unrun
478 760 575 814 omnia,
591 755 631 805 sed
643 758 668 805 in
681 758 743 809 arios

85 823 146 878 alia,
161 833 184 870 at
203 836 232 870 ue
246 822 291 870 alia
302 821 414 870 transfert
428 828 533 879 ommno
545 817 632 868 scilicet
641 817 685 868 fibi
696 818 742 870 soii

84 891 156 932 natos
167 833 212 932 effe
224 884 335 932 homines
352 885 496 949 opinentur,
510 880 551 930 sed
569 883 657 930 mutuis
675 882 743 931 auxi-

85 947 124 994 liis
144 947 197 994 vitae
216 945 324 995 humane
335 943 472 995 societatem
490 941 679 995 conservandam
694 942 741 995 effe
781 942 785 955 ’

83 1008 295 1074 intelliganthin
308 1011 333 1057 &
345 1008 405 1058 iliud
417 1007 481 1056 haud
499 1008 586 1073 exiguo
598 1003 686 1055 solatio
703 1014 753 1056 ar

83 1074 117 1117 nis
133 1071 177 1120 hac
188 1073 212 1120 in
226 1083 292 1136 parte
302 1067 348 1120 ess'e
361 1069 496 1126 consuevit,
512 1069 577 1135 quod
589 1069 623 1117 ita
636 1069 687 1118 fere
699 1084 742 1119 na·

85 1144 137 1180 tura
147 1146 312 1198 comparatum
324 1132 367 1190 stt,
381 1146 407 1181 ut
418 1147 469 1198 quae
486 1132 564 1181 durius
581 1132 607 1179 in
625 1130 672 1180 hoc
687 1133 741 1182 vitre

84 1195 200 1244 curriculo
213 1198 281 1247 vivos
290 1197 394 1260 premit,
410 1209 437 1244 ae
451 1207 519 1244 verrat
530 1193 637 1251 invidia3
658 1207 740 1259 grator

84 1257 137 1323 post
149 1257 242 1308 obitum
252 1260 349 1315 reddat,
364 1260 390 1308 δι
401 1270 510 1322 acceptor
524 1274 533 1314 3

116 1322 212 1382 Pascitur
225 1320 313 1386 (enim)
329 1324 351 1370 in
363 1325 422 1369 vivis
434 1324 503 1376 livor,
516 1319 556 1381 post
563 1319 613 1380 fata
623 1319 725 1383 quiescit,

150 1389 205 1431 Tum
213 1386 265 1444 suus
276 1402 301 1431 err
311 1385 385 1431 merite
395 1399 493 1446 quemque
506 1396 575 1430 rustur
592 1384 656 1429 honor.

115 1450 144 1492 Et
157 1450 179 1494 ai
185 1448 235 1506 sunt
250 1445 286 1508 (ut
297 1446 340 1494 ilie
353 1441 398 1508 ait)
413 1448 493 1492 invidia
505 1461 582 1499 mareu

152 1509 248 1567 Praeferar
259 1514 349 1570 antiquat
356 1507 433 1566 semper
444 1520 467 1554 ut
479 1509 517 1555 ilia
533 1511 598 1554 novit.

99 1578 101 1582 “
115 1571 200 1633 Neque
216 1566 366 1626 „Atheniensibus
384 1566 436 1616 suus
454 1570 543 1616 Sacram
560 1566 617 1616 dum
637 1563 696 1616 ess‘et
713 1568 758 1618 in·

84 1631 143 1679 vivis
151 1666 158 1688 ,
166 1631 253 1695 placuit
261 1629 315 1686 ,etii
327 1634 434 1686 Apollinis
444 1631 541 1679 oraculo
553 1635 634 1677 Gratia
648 1631 739 1695 sapien·

55 1698 58 1703 ’
84 1692 185 1741 tiffimus
198 1692 312 1754 judicatus
325 1689 394 1747 ess'er,
409 1690 448 1742 sed
462 1694 563 1741 cicutam
582 1692 648 1740 idem
665 1695 739 1742 inno·

84 1753 228 1804 centiffimus
239 1755 318 1804 bibere
328 1755 422 1804 conum
435 1755 489 1806 fuit.
521 1761 553 1804 At
567 1770 639 1819 quem
656 1756 738 1804 vivum

70 1816 197 1875 ¹oderam,
213 1817 351 1869 defunctum
363 1817 443 1880 postea
456 1818 676 1874 coluemnt,ere6ia
690 1817 737 1866 sta·

83 1892 137 1937 tua,
153 1883 178 1930 &
189 1882 214 1928 in
225 1893 320 1930 tanton
337 1882 369 1930 ud
381 1895 423 1929 eos
436 1882 513 1945 pretio
524 1879 584 1932 fuit,
598 1891 623 1926 ut
641 1877 737 1929 accusa-

81 1956 163 1990 torum
186 1945 249 1992 illius
265 1896 381 2008 quoiunn
399 1943 535 1992 damnarint
553 1941 583 1990 ad
603 1941 738 2004 laqueum,

82 2003 201 2068 quosdam
214 2007 288 2053 exilio
301 2007 461 2054 multaverint.
483 2010 538 2054 Hace
551 2019 602 2068 qun
613 2004 663 2052 dixi
680 2007 739 2068 qui·

82 2081 175 2130 cunque
187 2065 217 2114 ad
229 2070 337 2121 animum
349 2066 408 2116 serio
421 2068 563 2116 revocaverit
578 2102 585 2124 ,
600 2064 682 2130 susque
696 2067 738 2116 de-

81 2143 128 2190 que
142 2129 242 2177 aliorum
257 2129 352 2177 habebit
365 2130 493 2187 invidiam,
508 2144 551 2176 nec
564 2129 693 2192 quicquam
705 2129 736 2178 de

81 2190 159 2238 fludio
173 2192 224 2239 aliis
235 2191 380 2254 opitulandi,
393 2207 498 2240 necnon
511 2192 601 2255 publica
613 2189 738 2256 Reipubli-

81 2269 113 2301 cae
131 2253 261 2302 commoda
276 2254 435 2318 promovendi
454 2255 575 2311 remittit,
592 2252 632 2302 sed
648 2255 739 2314 judicio

81 2315 219 2371 bonorum,
231 2319 259 2364 ¹&
273 2319 338 2366 reciae
352 2319 481 2366 voluntatis
494 2316 638 2366 conscientia
647 2315 736 2373 fretus,

80 2393 117 2427 res
130 2377 180 2428 suns
193 2379 287 2440 optimo
300 2377 345 2428 effe
357 2383 413 2429 loco
425 2393 477 2427 tum
489 2377 587 2434 statuet,
602 2393 657 2427 curn
676 2381 739 2428 alio.

80 2441 260 2490 ruminvidiam
275 2444 375 2506 experiri
395 2440 484 2489 neeeffe
508 2439 588 2489 habet.
619 2445 651 2489 Ut
669 2443 736 2490 enim

81 2505 146 2552 mala
156 2502 300 2553 conscientia
311 2504 354 2553 srbi
367 2502 406 2567 ipfi
414 2502 554 2567 supplicium
566 2501 614 2560 est,
629 2502 738 2568 facitque

79 2579 105 2613 ut
130 2565 286 2615 domesticum
307 2579 424 2614 tortorem
440 2565 621 2621 circumferens,
636 2565 666 2614 ad
680 2565 736 2614 folii

79 2627 187 2677 cadentis
199 2629 242 2678 stre
260 2630 319 2676 itum
331 2629 423 2676 animus
435 2626 583 2676 exhorrescat
591 2644 597 2674 ι
605 2629 637 2675 ita
650 2642 735 2677 eontra

79 2691 117 2738 vel
129 2644 284 2740 frementigus
296 2688 407 2738 omnibus
422 2690 523 2747 invidis,
539 2705 619 2739 murus
632 2689 736 2739 aheneus

78 2753 130 2807 eii,
155 2757 181 2802 ie
205 2755 257 2800 vite
276 2753 386 2803 anteacto
403 2753 595 2802 recordationem
611 2753 676 2861 garit
700 2753 735 2810 ju·

78 2814 250 2863 crrndiiirmam.
285 2821 350 2862 Etur
364 2815 424 2876 apud
443 2822 552 2862 Homerum
571 2814 611 2861 her
629 2828 661 2867 a,
684 2817 733 2859 Ne-

80 2878 179 2941 pcnthes
191 2877 267 2935 dictu,
285 2876 428 2937 celebratur,
444 2877 510 2943 quod
525 2877 604 2928 addita
621 2874 733 2941 poculis,

707 2953 733 2984 0¹
