1612 3008
224 261 428 310 ourrro
459 263 560 311 nuru.
675 278 723 327 40³

48 368 95 415 .Et
108 358 331 413 mortis'substravit
341 362 404 422 iter,
414 360 473 412 dum
484 358 547 413 sacra
560 366 665 426 potentie

64 423 127 492 Juffa
137 428 184 477 Dei
196 426 291 476 violans
303 427 407 478 nimium
418 441 489 475 mene
499 424 594 476 credula
603 427 673 479 diliis

63 488 211 547 romineie,
225 488 316 554 patulas
321 488 388 539 dedit
399 487 536 538 infelicibus
547 502 622 540 auree.

65 557 89 603 0
100 550 319 612 miserandum,
333 554 425 603 multos
438 550 562 601 dominata
576 567 618 616 per
630 553 723 605 annos!

65 621 89 667 0
100 614 206 665 dimitam
218 613 310 665 irruesta
321 618 382 666 mali
394 613 522 680 contagia!
537 626 631 665 tarnum

65 685 118 730 Heu
131 678 209 743 potuit
217 676 334 743 ‚peceail'e
344 678 418 729 semel
429 677 435 728 l
452 674 556 727 tantisne
567 688 692 742 parentum

64 741 140 793 Prisca
152 741 219 790 luunt
233 743 313 806 poenls
326 740 369 791 seri
383 737 508 792 commiisa
521 741 643 805 Nepotes!

66 807 114 870 Qui
127 804 209 869 magni
222 804 346 869 quondam
356 805 443 873 dignus
454 803 501 854 suit
513 805 593 853 incola
603 804 705 862 Mundi,

66 867 383 933 Natushomo,quantum‚
407 880 507 917 uantum
514 867 658 917 mutaruuab
670 869 725 926 ilio,

66 930 122 997 Jam
135 932 210 992 jacet,
223 934 251 991 le
262 929 353 981 miserae
364 946 397 998 po
427 943 465 979 rot
476 928 612 981 discrimina
626 933 693 990 vite,

65 995 168 1061 Cogitur
178 994 225 1043 heu
236 994 335 1044 tandem
348 994 409 1047 tristi
424 991 573 1044 succumbere
588 994 671 1046 letho!

65 1060 89 1107 0
103 1065 194 1107 lienum
206 1057 298 1124 fatique
309 1060 370 1110 vires
383 1059 391 1110 l
406 1074 424 1109 o
436 1056 536 1123 prodiga
548 1059 602 1108 vitae

65 1120 200 1186 Tempora!
210 1120 330 1172 debemur
339 1122 415 1172 morti
426 1136 472 1171 nos
486 1118 624 1195 nostraque:
642 1117 726 1171 fruita

65 1186 186 1234 solvimur
198 1185 223 1251 in
234 1174 381 1249 lachrymas,
394 1180 629 1252 gunitusrsusprrim
639 1183 726 1242 fletus,

65 1253 115 1297 Stat
128 1244 166 1296 sun
179 1247 217 1295 cui
235 1265 243 1304 ς
262 1247 327 1297 dies:
337 1254 410 1298 Breve
418 1251 458 1305 ‚dt
470 1245 619 1310 irreparabile
630 1258 725 1313 tempus

66 1309 186 1360 Omnibus
244 1312 312 1368 vite,
326 1312 387 1363 uuili
398 1309 438 1361 sua
448 1310 539 1374 profuit
551 1321 613 1360 etas.

66 1372 132 1438 Quid
144 1374 231 1438 loquar
240 1386 339 1424 eventus
349 1389 443 1431 rerum,
457 1373 606 1440 fugitivaque
618 1370 674 1422 secli

66 1444 201 1550 Temporlp,
216 1437 274 1503 quid
288 1438 375 1504 syllas,
389 1438 496 1495 Marios,
513 1437 572 1503 quid
583 1442 662 1488 Marte
676 1440 724 1486 Ca·

133 1518 167 1551 mr
188 1512 216 1552 us
724 1524 727 1529 ·

66 1565 228 1632 Conspicuam,
242 1563 301 1630 quid
310 1562 369 1614 sava
381 1565 467 1631 loquar
479 1563 527 1614 duo
540 1564 643 1614 fulmina
653 1563 724 1622 Belli,

66 1629 196 1694 scipiadas,
208 1634 412 1700 totqueiiemrrs,
424 1643 486 1692 quos
497 1626 558 1677 felce
571 1626 656 1677 recism

66 1691 168 1742 Abstulit
180 1703 230 1738 atra
240 1688 305 1751 dies,
320 1693 346 1739 δι
357 1689 440 1739 funere
451 1688 531 1738 meriit
544 1689 644 1739 acerbo?

66 1756 131 1819 Quid
144 1754 260 1818 Juvenem
272 1751 374 1800 referam
386 1753 496 1801 Pellaeum
510 1787 518 1810 ,
542 1754 568 1802 δι
578 1751 652 1801 fortia
662 1749 724 1801 tanti

66 1825 143 1868 Arma
156 1816 222 1866 viri?
235 1815 299 1872 euius
312 1828 435 1878 nunquam
448 1814 565 1863 moritura
588 1823 703 1879 perennat

66 1886 154 1936 Fama,
168 1892 211 1942 per
222 1874 308 1927 invisas
319 1888 416 1943 gentes,
431 1875 471 1925 ubi
482 1875 617 1927 Rhodanus
628 1890 683 1926 arra

67 1945 144 1993 Alluit
157 1945 183 1991 δι
197 1937 320 1989 Thamesrs
330 1938 427 1988 tumidis
439 1937 464 1989 se
475 1938 555 1990 fundit
567 1940 592 1989 in
606 1954 686 2005 aquor

66 2005 206 2120 Flustpbus:
223 2001 361 2060 occubuit,
375 2002 464 2068 Stygiae
480 2003 607 2053 damnatus
625 2002 656 2053 ad
670 2016 724 2053 um-

150 2084 194 2120 ras.

65 2134 131 2202 Quid
143 2140 251 2198 satrapas
262 2144 341 2180 retum
351 2130 488 2181 Dotninotl
501 2130 560 2196 quid
566 2128 725 2181 bellai'oten·

131 2210 185 2247 tum

68 2258 203 2312 Ambitiosa
215 2260 302 2324 loquar
313 2261 322 2309 2
335 2255 451 2327 regnandi
461 2270 551 2323 quanta
560 2256 657 2323 Cupido

68 2325 241 2391 Magnanituou
251 2323 321 2373 inflat
332 2324 425 2388 Reges?
434 2323 497 2371 Hinc
521 2332 592 2370 nanta
598 2330 726 2369 moventur

67 2388 133 2436 Belin
144 2384 216 2443 tiri53
229 2384 287 2435 ltine
296 2385 398 2435 diluvies
405 2387 468 2434 imm
510 2386 669 2440 amalorum,

34 2507 37 2511 ¹
68 2454 99 2498 Et
112 2448 195 2504 iabor',
209 2452 235 2497 e<
247 2445 381 2497 miseranda
390 2448 483 2507 fames,
497 2450 525 2498 de
534 2448 603 2496 mille
613 2444 725 2494 dolores:

67 2510 113 2561 sed
126 2512 185 2561 felix
196 2522 207 2559 t
249 2511 293 2560 'du
304 2510 416 2561 rued'nari
425 2509 585 2561 incommoda
595 2509 648 2559 vitae

68 2574 117 2638 Qui
127 2573 226 2631 didicit,
260 2574 289 2623 tti
346 2576 726 2627 anunoeontemneremonem.

68 2640 135 2687 lilius
151 2650 177 2686 ut
191 2636 271 2702 pesttu
296 2635 506 2704 ubmmquilla
517 2638 640 2712 uoluptas,

68 2706 100 2751 Et
112 2703 164 2765 vitu
175 2698 311 2766 desponis,
321 2702 351 2750 dt
360 2702 412 2752 alta
421 2702 513 2753 incertia
523 2700 592 2751 lethr.

67 2766 142 2831 Quis
154 2762 204 2815 line
213 2762 350 2813 necduloee
360 2762 399 2814 ins
410 2762 446 2814 eii
453 2760 571 2815 deducere
581 2766 661 2816 luces,

68 2834 121 2905 liet
133 2832 192 2883 colo
202 2825 307 2880 oblitam
316 2839 437 2881 tentum
444 2828 754 2920 mouumentum-W
