1612 3008
81 130 151 229 4'92¹
221 152 406 223 Jacour
438 157 627 210 cnucrr

82 262 117 311 do
129 255 256 310 oriundus?
267 254 394 302 Honores?
405 251 445 302 sed
457 256 511 318 quis
520 255 668 305 honoratior
687 257 756 317 Seit-

55 345 56 348 ¹
86 328 163 373 noiat
176 336 225 381 quo
237 318 276 369 die
287 318 357 366 illum
370 321 466 365 Senatus
478 318 589 375 deduxit,
605 321 714 382 populus
728 321 753 368 in

84 381 255 436 frusta'divifit.
271 385 341 430 Horae
354 393 506 429 momentum
520 381 554 430 est
568 380 753 439 intersertum,

88 453 114 499 δι
128 451 207 498 aliena
219 458 309 511 genua:
325 445 426 493 Forma?
441 455 464 492 at
480 458 554 507 qnam
572 443 640 493 fluxa
660 446 706 494 illa
726 447 753 495 &

86 511 174 561 labilis.
207 513 271 557 AEtas
282 504 327 555 tibi
340 505 425 554 florida
437 506 469 555 est
481 511 505 556 δι
520 506 697 559 vernansiflos
709 507 753 558 iste
796 544 798 553 .

87 575 146 623 dunt
157 571 277 636 loquimur
290 566 387 618 arescit:
402 571 496 618 Divitiae
512 573 537 619 &
551 584 613 635 opes
625 575 633 619 Ξ
656 584 683 619 at
703 571 754 620 iltis

87 637 148 701 quid
159 632 329 698 ingonstantius
342 666 349 688 ‚
364 631 422 697 quid
439 633 571 689 incertius,
593 632 653 696 quib
701 649 753 683 nou

88 698 177 750 talibus
190 696 291 747 fortune
303 697 329 744 &
341 694 514 745 mutationibus
526 693 642 745 obnoxio:
654 648 737 747 ueruti

231 763 286 808 Valet
299 761 343 805 ime
353 760 440 816 summit

199 826 304 877 Mutare,
321 824 347 874 θ·
359 822 452 884 insignem
464 835 553 872 aetenum
572 829 637 874 Dm

229 887 316 946 Obscura
327 898 423 941 moment.

118 947 307 1014 Longavitatem
318 946 364 995 tibi
376 949 509 1011 polliceris?
525 946 579 1006 secl,
597 948 614 998 ὃ
630 948 702 998 stulta
714 948 750 998 ni·

90 1014 141 1062 mis
147 1012 303 1061 mortalitatis
315 1010 421 1060 obli-vio!
431 1019 479 1060 Vna
487 1013 645 1071 smabteois
652 1015 710 1078 spem
718 1030 751 1060 nrt

91 1091 147 1123 vetat
160 1079 348 1138 intromitterem.
380 1073 445 1124 vidit
463 1078 488 1125 &
503 1075 534 1124 ad
552 1078 663 1124 animum
681 1090 749 1123 tero·

90 1140 154 1186 cavit
166 1140 289 1197 enarrans,
306 1137 495 1188 Christianorum
510 1138 571 1188 olim
591 1139 637 1186 ille
654 1150 750 1192 terror,

90 1203 134 1312 gui
148 1201 251 1264 Syriam,
265 1206 408 1266 AEgyptum‚
422 1205 448 1251 δι
461 1200 645 1251 Africaebonam
658 1214 748 1265 partem

82 1260 88 1270 '
101 1263 278 1328 ubegit‚mom
289 1266 338 1326 jam
348 1267 439 1314 vicinus
447 1267 487 1322 ‚in
499 1265 676 1329 cogitationem
691 1264 750 1312 hauc

91 1327 153 1376 serio
164 1325 296 1383 descendit,
310 1330 336 1385 ilc
348 1325 424 1377 solam
434 1329 573 1377 interiorem
586 1328 695 1375 tunicam
708 1340 751 1389 pro

93 1389 163 1437 omni
173 1404 262 1454 pompa
276 1388 370 1445 funebri
382 1392 408 1438 in
421 1390 486 1440 hasta
497 1389 625 1440 sublimem
636 1388 697 1438 fetri
706 1386 751 1447 ius·

93 1451 122 1501 s1t
130 1466 197 1508 ,cum
210 1452 381 1501 acclamatione
388 1457 525 1507 ,alunnum
535 1472 561 1501 ex
571 1458 668 1500 domitore
681 1458 752 1500 otien-

92 1517 207 1575 tt'ttestate.
241 1515 306 1564 Vidit
328 1520 473 1573 Alexander,
494 1519 536 1580 qui
555 1529 642 1580 aperto
657 1515 753 1563 tumulo

95 1584 142 1639 cyri
156 1576 312 1642 potentill'ntti
323 1576 443 1629 Persarum
461 1581 556 1645 Regis,
571 1583 596 1629 &
617 1574 753 1642 conspetlis

94 1642 256 1692 vermiculofis
267 1644 331 1705 ejus,
348 1643 482 1707 putridis&
496 1640 569 1690 erclis
581 1640 686 1696 ollibus,
702 1656 752 1688 non

94 1707 170 1753 tenuit
181 1706 304 1770 lacrymas.
319 1706 383 1770 Qtid
395 1710 504 1765 Annorles
515 1705 752 1768 Siciliae‘ltex,quiex

95 1766 161 1831 figuli
181 1767 234 1817 filio
250 1769 280 1817 ad
294 1771 397 1833 Regiam
417 1769 560 1835 dignitatern
583 1769 704 1824 evetius,
724 1780 754 1813 ne

94 1831 195 1895 originis
218 1831 261 1880 suae
278 1831 365 1880 oblitus
384 1834 438 1895 plus
458 1833 535 1879 nimio
553 1827 576 1879 se
592 1827 707 1883 efferret,
728 1833 753 1878 δι

95 1895 160 1940 intra
174 1894 323 1941 Humilitatin
334 1897 452 1943 terminos
463 1892 486 1943 se
502 1895 636 1942 contineret
651 1889 714 1949 ,vasa
726 1891 754 1939 fi-

96 1956 176 2019 gulinn
188 1971 242 2004 cum
256 1957 330 2004 aureis
343 1959 369 2007 δι
381 1958 499 2023 argenteis
510 1955 595 2005 mense
609 1953 653 2004 sue
665 1956 755 2019 apponi

95 2019 184 2065 voluit:
201 2025 231 2067 Et
244 2023 375 2081 Mrtuntinus
385 2022 495 2070 illeolim
509 2021 677 2080 archiepiscopus
689 2021 756 2081 plau·

97 2079 171 2128 lirani
184 2081 260 2137 filins,
273 2097 304 2130 ne
312 2082 390 2132 cristas
402 2098 431 2132 ex
445 2095 513 2130 tanta
524 2082 628 2130 fortune
640 2082 757 2129 mutatio·

97 2159 128 2192 ne
143 2145 283 2195 insolentius
296 2145 411 2210 erigeret,
425 2159 503 2194 rotam
515 2143 648 2209 insignibus
661 2142 707 2192 suis
721 2145 757 2191 in·

96 2205 169 2271 sculpi
183 2208 262 2271 jullit,
277 2222 302 2257 nt
315 2211 408 2272 generis
420 2206 455 2258 sni
473 2207 621 2257 obscuritatis
640 2221 757 2261 memor,

97 2273 206 2320 animum
219 2273 247 2321 ad
261 2272 416 2328 modestiam,
432 2275 458 2321 &
474 2271 643 2320 Humilitatem
655 2283 756 2333 compo

97 2343 173 2383 neret.
205 2339 228 2382 O
241 2336 379 2397 pendentem
390 2336 446 2384 vere
457 2335 498 2400 qui
512 2334 551 2382 hic
564 2333 754 2396 prudens!Nam

97 2395 194 2444 beatum
207 2413 354 2463 quemquam
369 2398 446 2446 dicere
458 2398 498 2460 qui
511 2398 535 2445 in
549 2396 585 2447 lris
605 2398 659 2445 vite
680 2394 755 2444 flueti-

97 2458 140 2507 bus
153 2461 272 2517 jaciatur,
288 2464 342 2526 quis
362 2460 446 2508 audeat
461 2495 468 2517 ,
488 2460 566 2508 donec
581 2458 609 2506 lit
624 2459 650 2507 in
666 2471 734 2522 portu
747 2459 756 2503 i

101 2521 180 2570 nodie
192 2537 291 2587 magnus
302 2528 408 2573 esleras
420 2525 494 2578 alins,
506 2523 629 2570 autnnllns
637 2537 643 2567 ε
652 2528 755 2570 Perenne

98 2584 138 2634 sub
153 2585 210 2648 polo
223 2587 291 2637 nilril.
308 2594 386 2648 anm
397 2587 444 2633 levi
456 2588 521 2634 enim
535 2597 665 2633 momento
678 2585 757 2633 detur-

95 2649 184 2702 bantur
197 2647 227 2701 dc
238 2646 302 2703 solio
309 2687 316 2713 ‚
331 2652 450 2720 privantut
462 2647 566 2715 sccgtto,
581 2660 699 2698 exuuntur
709 2649 756 2720 irn-

34 2728 37 2733 '
680 2724 747 2772 otuu
758 2741 769 2764 ,
