1612 3008
102 130 146 183 ³⁹⁸
225 116 412 183 Jacorr
443 120 633 171 crucrr

100 223 193 275 haurias
210 255 217 277 ,
237 235 311 286 quam
331 222 416 272 talium
434 219 569 278 desideria,
587 235 668 287 euque
687 226 760 291 puerit

101 288 180 352 magis
191 281 243 334 sunt
256 284 334 348 pueri:
346 286 402 349 quia
416 285 536 346 jentaculo
548 281 605 344 suo,
615 288 641 336 ὃ(
655 293 761 351 portiun-

102 352 156 400 cula
170 351 277 397 contenti
305 348 354 397 lura
374 363 424 399 non
436 346 604 412 concupiscunt
620 382 627 404 ,
649 350 712 400 nihil
725 365 761 401 aut

101 427 187 478 parum
199 411 229 461 de
241 363 341 461 crailinc
354 408 457 461 solliciti.
480 412 554 461 Avari
559 411 628 477 „quid
641 414 650 460 ἓ
674 417 762 465 Oculos

101 475 260 542 cupiditatum
271 474 364 525 suarum
384 487 467 525 ventre
480 474 586 537 majores
597 473 698 528 habent.
716 516 719 521 .

169 540 250 587 Cunila
261 542 319 602 cupit
334 540 413 599 croessts
425 573 434 596 ‚
448 541 556 602 Diogenes
568 539 674 590 nihilum.

101 608 134 657 Et
147 613 198 654 uter
211 600 283 666 igitur
297 599 389 650 ditior?

169 664 295 727 Brevifftnm
315 663 481 722 radiatilis,
498 676 540 730 per
557 678 706 730 contemptum
726 666 759 714 di-

207 730 331 784 vitianum,
348 726 375 787 est
389 732 437 775 via.

162 791 200 839 'Et
213 792 310 837 maxime
323 792 408 839 diuitiis
419 790 524 851 fruitur,
549 793 588 856 qui
613 789 708 840 minime*
728 791 760 838 ii·

207 856 271 901 vitiis
285 854 373 915 indiget.

102 921 196 968 contra
206 916 305 965 avaritia
315 916 400 965 vitium
409 928 483 965 tenax
496 945 504 968 2
517 912 552 967 sui
566 914 761 974 abstinens,alie·

103 994 137 1030 na
157 977 324 1043 concupiscens
337 1013 345 1036 ,
359 976 476 1043 suspicax,
491 978 602 1029 invidum
616 1014 625 1037 ,
639 982 706 1029 limis
725 982 759 1029 in·

101 1055 128 1092 tu
182 1046 258 1093 oculis
271 1045 362 1093 alienas
374 1057 451 1106 opes,
471 1038 526 1093 suos
537 1041 642 1093 sollicite
654 1041 760 1100 servant,

101 1121 150 1172 qua
180 1120 267 1156 omnes
278 1107 301 1156 ei
315 1104 486 1157 insidiarentur.
508 1107 620 1155 Avaritia
633 1122 698 1155 unca
710 1105 759 1157 sunt

102 1184 206 1227 manus,
225 1185 277 1219 rem
295 1168 353 1219 facit
366 1167 461 1218 alterius
475 1168 575 1220 damno,
596 1170 638 1220 Vis
655 1173 760 1218 Μιυὶαηι

102 1231 202 1281 divitem
211 1231 320 1282 efficere?
330 1248 381 1280 non
388 1231 421 1281 eil
431 1231 567 1282 addendum
579 1233 632 1294 ejus
643 1234 759 1299 pecunie,

102 1291 143 1346 sed
155 1294 327 1344 detrahendum
344 1295 475 1360 cupiditati.
502 1300 569 1345 Nam
586 1300 694 1347 Avarum
709 1296 759 1345 irri-

103 1368 138 1405 tat
146 1373 211 1427 ,npu
222 1355 291 1407 satiat
302 1361 406 1422 pecunia.
421 1357 526 1419 Quidam
539 1364 636 1408 Pactum
648 1358 713 1409 haud
724 1360 760 1407 in·

102 1422 224 1485 eleganter
233 1425 339 1471 Avarum
348 1434 471 1486 comparat
487 1437 541 1471 cum
553 1418 678 1486 sepulchro
691 1456 699 1478 ,
713 1420 760 1471 hoc

102 1496 184 1533 tamen
196 1481 344 1540 discrimine,
358 1485 424 1549 quod
434 1482 582 1549 sepulchrum
593 1484 714 1549 quidquid
724 1484 760 1533 illi

103 1545 413 1613 ingeritur,consumit‚scd
420 1562 502 1597 avarus
514 1547 648 1597 recondens
661 1550 688 1597 in
700 1546 757 1596 hur·

102 1624 156 1668 rea,
170 1613 258 1669 cellas,
271 1627 336 1661 arcas
366 1626 399 1659 uae
409 1611 552 1669 habet,rron
563 1611 612 1660 alio
624 1610 675 1660 hacc
688 1608 758 1659 habet

102 1672 172 1730 fine,
192 1673 267 1740 quim
284 1687 310 1724 ut
329 1675 360 1723 ha
392 1687 436 1729 at.
457 1676 483 1723 δι
499 1673 583 1724 servet.
607 1673 694 1723 Loculi
709 1675 759 1735 ejus

98 1734 372 1851 latialia?
383 1735 758 1865 illiniri-llil&

100 1874 137 1913 rat
147 1863 263 1911 Foeminae
273 1859 364 1912 sedenti
376 1864 401 1911 in
409 1878 490 1920 curru,
499 1864 563 1926 cuius
576 1875 680 1929 quatuor
692 1876 758 1920 rora,

100 1935 202 1992 quatuor
221 1922 273 1974 sunt
286 1925 364 1982 ritia;
391 1933 523 1989 contemptus
535 1928 579 1974 Dei
593 1961 601 1985 ,
620 1930 758 1975 liliumi-

99 2003 133 2037 ται
147 2023 155 2046 ,
172 1991 315 2036 Mortaliratu
327 1991 408 2037 oblivio
422 1991 447 2041 (a
460 1988 588 2051 Diffidentia
600 2007 609 2036 .·
623 1988 673 2038 duo
685 1992 757 2055 equi,

98 2053 225 2107 Teneritas,
242 2055 268 2104 u*
302 2056 382 2116 apium
397 2051 597 2117 Auriga,haiendi
608 2054 755 2113 Defiderim.

97 2111 184 2164 verbo.
201 2119 275 2166 Matri
297 2117 402 2164 celerata
415 2129 465 2162 non
477 2113 590 2165 absimilis
603 2150 611 2174 ,
631 2131 684 2182 quac
694 2114 755 2166 libe·

97 2192 138 2228 ros
150 2177 224 2244 parit,
239 2181 265 2228 δι
278 2177 374 2227 homini
385 2178 505 2228 inimicos.

128 2248 218 2292 Avarus
230 2243 298 2290 enim
309 2241 440 2290 Idololatra
453 2239 486 2289 est
500 2257 507 2288 ι
522 2240 579 2304 quia
590 2242 697 2293 nummis
709 2242 754 2295 suia

91 2318 147 2363 arae
160 2304 244 2368 erigit,
257 2304 406 2354 &fiduciam
417 2302 563 2369 suamquam
575 2305 664 2355 inuno
677 2310 703 2357 δι
715 2305 752 2357 so-

95 2370 123 2417 lo
131 2374 177 2417 Deo
184 2368 304 2416 collocare
314 2365 510 2423 debet‚tranafert
522 2367 553 2417 ad
564 2381 753 2435 creaturamquas

94 2443 140 2495 pro
153 2436 199 2478 Deo
212 2430 283 2485 colit,
297 2432 323 2479 ὃς
335 2429 433 2495 quidem
444 2430 667 2496 contemptiiiimas.
689 2432 754 2547 Qtlici

94 2492 162 2542 enim
173 2490 220 2541 hoc
232 2498 324 2541 Aurum
335 2490 400 2558 quod
413 2504 539 2556 tantopere
551 2494 650 2554 adorat,
663 2492 683 2545 st
694 2510 719 2547 te
728 2510 755 2545 e-

95 2568 152 2622 gata
170 2554 270 2604 fortuna
285 2570 433 2621 pompatem
445 2554 520 2620 ipsam
534 2558 620 2608 intueri
633 2560 755 2617 velimus,

112 2619 153 2669 uid
166 2619 267 2683 inquam
281 2619 345 2669 aliud
356 2616 562 2681 estquamdomus
574 2622 692 2673 Plutonia
704 2623 755 2685 eie·

81 2632 237 2739 garnerium
249 2718 259 2747 ‚
279 2682 356 2759 longe
366 2718 375 2747 .
388 2678 467 2755 lunge
477 2683 507 2736 in
514 2684 592 2737 *tenc
598 2684 764 2795 punct&
