<?xml version="1.0" encoding="UTF-8"?>
<!DOCTYPE html PUBLIC "-//W3C//DTD XHTML 1.0 Transitional//EN"
    "http://www.w3.org/TR/xhtml1/DTD/xhtml1-transitional.dtd">
<html xmlns="http://www.w3.org/1999/xhtml" xml:lang="en" lang="en">
 <head>
  <title>
</title>
<meta http-equiv="Content-Type" content="text/html;charset=utf-8" />
  <meta name='ocr-system' content='tesseract 3.04.00' />
  <meta name='ocr-capabilities' content='ocr_page ocr_carea ocr_par ocr_line ocrx_word'/>
</head>
<body>
  <div class='ocr_page' id='page_1' title='image "./jacobicrucisuad00crucgoog_0448.png"; bbox 0 0 1612 3008; ppageno 0'>
   <div class='ocr_carea' id='block_1_1' title="bbox 254 382 726 445">
    <p class='ocr_par' dir='ltr' id='par_1_1' title="bbox 254 382 726 445">
     <span class='ocr_line' id='line_1_1' title="bbox 254 382 726 445; baseline -0.004 -13"><span class='ocrx_word' id='word_1_1' title='bbox 254 382 454 432; x_wconf 81' lang='lat' dir='ltr'>ORATIO</span> <span class='ocrx_word' id='word_1_2' title='bbox 486 384 548 432; x_wconf 87' lang='lat' dir='ltr'>Lll.</span> <span class='ocrx_word' id='word_1_3' title='bbox 678 401 726 445; x_wconf 76' lang='lat'>417</span> 
     </span>
    </p>
   </div>
   <div class='ocr_carea' id='block_1_2' title="bbox 62 475 731 2495">
    <p class='ocr_par' dir='ltr' id='par_1_2' title="bbox 62 475 728 920">
     <span class='ocr_line' id='line_1_2' title="bbox 62 475 725 544; baseline 0.006 -18"><span class='ocrx_word' id='word_1_4' title='bbox 62 478 125 527; x_wconf 91' lang='lat' dir='ltr'>tium</span> <span class='ocrx_word' id='word_1_5' title='bbox 138 475 250 528; x_wconf 73' lang='lat' dir='ltr'>tusorum</span> <span class='ocrx_word' id='word_1_6' title='bbox 262 477 371 528; x_wconf 90' lang='lat' dir='ltr'>manibus</span> <span class='ocrx_word' id='word_1_7' title='bbox 383 478 571 530; x_wconf 70' lang='lat' dir='ltr'>immolariised</span> <span class='ocrx_word' id='word_1_8' title='bbox 581 479 652 544; x_wconf 68' lang='lat' dir='ltr'>plani</span> <span class='ocrx_word' id='word_1_9' title='bbox 667 495 725 530; x_wconf 89' lang='lat' dir='ltr'>con-</span> 
     </span>
     <span class='ocr_line' id='line_1_3' title="bbox 63 542 727 607; baseline 0.006 -19"><span class='ocrx_word' id='word_1_10' title='bbox 63 552 102 589; x_wconf 92' lang='lat' dir='ltr'>tra</span> <span class='ocrx_word' id='word_1_11' title='bbox 115 543 207 591; x_wconf 88' lang='lat' dir='ltr'>evenit:</span> <span class='ocrx_word' id='word_1_12' title='bbox 225 557 276 590; x_wconf 92' lang='lat' dir='ltr'>nou</span> <span class='ocrx_word' id='word_1_13' title='bbox 290 544 356 593; x_wconf 91' lang='lat' dir='ltr'>enim</span> <span class='ocrx_word' id='word_1_14' title='bbox 367 554 462 591; x_wconf 89' lang='lat' dir='ltr'>tantum</span> <span class='ocrx_word' id='word_1_15' title='bbox 476 545 572 607; x_wconf 90' lang='lat' dir='ltr'>impune</span> <span class='ocrx_word' id='word_1_16' title='bbox 589 543 639 592; x_wconf 79' lang='lat' dir='ltr'>hac</span> <span class='ocrx_word' id='word_1_17' title='bbox 661 542 727 592; x_wconf 87' lang='lat' dir='ltr'>abie-</span> 
     </span>
     <span class='ocr_line' id='line_1_4' title="bbox 65 603 728 670; baseline 0.008 -18"><span class='ocrx_word' id='word_1_18' title='bbox 65 616 135 653; x_wconf 85' lang='lat' dir='ltr'>runt:</span> <span class='ocrx_word' id='word_1_19' title='bbox 152 604 193 655; x_wconf 92' lang='lat' dir='ltr'>scd</span> <span class='ocrx_word' id='word_1_20' title='bbox 204 603 308 655; x_wconf 87' lang='lat' dir='ltr'>reversus</span> <span class='ocrx_word' id='word_1_21' title='bbox 321 607 347 653; x_wconf 91' lang='lat' dir='ltr'>in</span> <span class='ocrx_word' id='word_1_22' title='bbox 361 604 514 670; x_wconf 81' lang='lat' dir='ltr'>Hispaniam,</span> <span class='ocrx_word' id='word_1_23' title='bbox 529 603 602 655; x_wconf 89' lang='lat' dir='ltr'>scelus</span> <span class='ocrx_word' id='word_1_24' title='bbox 612 606 728 666; x_wconf 82' lang='lat' dir='ltr'>hominis,</span> 
     </span>
     <span class='ocr_line' id='line_1_5' title="bbox 64 666 726 733; baseline 0.003 -18"><span class='ocrx_word' id='word_1_25' title='bbox 64 668 168 732; x_wconf 80' lang='lat' dir='ltr'>ptaemiis</span> <span class='ocrx_word' id='word_1_26' title='bbox 180 671 206 717; x_wconf 80' lang='lat' dir='ltr'>bt</span> <span class='ocrx_word' id='word_1_27' title='bbox 219 666 351 717; x_wconf 81' lang='lat' dir='ltr'>honoribus</span> <span class='ocrx_word' id='word_1_28' title='bbox 364 700 371 723; x_wconf 92' lang='lat'><strong>‚</strong></span> <span class='ocrx_word' id='word_1_29' title='bbox 386 680 504 733; x_wconf 91' lang='lat' dir='ltr'>tauquam</span> <span class='ocrx_word' id='word_1_30' title='bbox 517 683 542 717; x_wconf 92' lang='lat' dir='ltr'>re</span> <span class='ocrx_word' id='word_1_31' title='bbox 560 666 620 717; x_wconf 91' lang='lat' dir='ltr'>bene</span> <span class='ocrx_word' id='word_1_32' title='bbox 656 667 705 717; x_wconf 74' lang='lat' dir='ltr'>esti</span> <span class='ocrx_word' id='word_1_33' title='bbox 719 703 726 727; x_wconf 87' lang='lat'>,</span> 
     </span>
     <span class='ocr_line' id='line_1_6' title="bbox 64 683 724 781; baseline 0 -1"><span class='ocrx_word' id='word_1_34' title='bbox 64 729 97 780; x_wconf 90' lang='lat' dir='ltr'>ad</span> <span class='ocrx_word' id='word_1_35' title='bbox 109 732 241 780; x_wconf 88' lang='lat' dir='ltr'>multorum</span> <span class='ocrx_word' id='word_1_36' title='bbox 253 730 371 781; x_wconf 88' lang='lat' dir='ltr'>invidiam</span> <span class='ocrx_word' id='word_1_37' title='bbox 383 732 464 781; x_wconf 77' lang='lat' dir='ltr'>austus</span> <span class='ocrx_word' id='word_1_38' title='bbox 476 732 522 781; x_wconf 88' lang='lat' dir='ltr'>fuit</span> <span class='ocrx_word' id='word_1_39' title='bbox 534 733 560 781; x_wconf 78' lang='grc' dir='ltr'>δι</span> <span class='ocrx_word' id='word_1_40' title='bbox 572 683 704 780; x_wconf 73' lang='lat' dir='ltr'>cumulatus</span> <span class='ocrx_word' id='word_1_41' title='bbox 716 747 724 780; x_wconf 74' lang='grc' dir='ltr'><strong><em>ε</em></strong></span> 
     </span>
     <span class='ocr_line' id='line_1_7' title="bbox 67 792 728 871; baseline -0.002 -29"><span class='ocrx_word' id='word_1_42' title='bbox 67 796 182 842; x_wconf 73' lang='lat' dir='ltr'>,Albanum</span> <span class='ocrx_word' id='word_1_43' title='bbox 193 795 281 858; x_wconf 81' lang='lat' dir='ltr'>quippe</span> <span class='ocrx_word' id='word_1_44' title='bbox 294 798 347 843; x_wconf 82' lang='lat' dir='ltr'>Rex</span> <span class='ocrx_word' id='word_1_45' title='bbox 356 792 483 843; x_wconf 82' lang='lat' dir='ltr'>Lusitaniae</span> <span class='ocrx_word' id='word_1_46' title='bbox 496 799 584 871; x_wconf 76' lang='lat' dir='ltr'>Regno</span> <span class='ocrx_word' id='word_1_47' title='bbox 602 794 706 860; x_wconf 83' lang='lat' dir='ltr'>pracfecit</span> <span class='ocrx_word' id='word_1_48' title='bbox 720 826 728 852; x_wconf 87' lang='lat'>,</span> 
     </span>
     <span class='ocr_line' id='line_1_8' title="bbox 66 853 560 920; baseline 0 -13"><span class='ocrx_word' id='word_1_49' title='bbox 66 859 94 907; x_wconf 76' lang='grc' dir='ltr'>δι</span> <span class='ocrx_word' id='word_1_50' title='bbox 107 868 223 920; x_wconf 83' lang='lat' dir='ltr'>tanquam</span> <span class='ocrx_word' id='word_1_51' title='bbox 236 862 330 906; x_wconf 83' lang='lat' dir='ltr'>Patrem</span> <span class='ocrx_word' id='word_1_52' title='bbox 340 853 407 906; x_wconf 92' lang='lat' dir='ltr'>suum</span> <span class='ocrx_word' id='word_1_53' title='bbox 420 854 560 907; x_wconf 87' lang='lat' dir='ltr'>observavit.</span> 
     </span>
    </p>

    <p class='ocr_par' dir='ltr' id='par_1_3' title="bbox 64 918 731 2117">
     <span class='ocr_line' id='line_1_9' title="bbox 99 918 728 985; baseline 0.003 -18"><span class='ocrx_word' id='word_1_54' title='bbox 99 918 144 967; x_wconf 87' lang='lat' dir='ltr'>His</span> <span class='ocrx_word' id='word_1_55' title='bbox 156 924 266 985; x_wconf 79' lang='lat' dir='ltr'>ergo&#39;tot</span> <span class='ocrx_word' id='word_1_56' title='bbox 280 920 373 981; x_wconf 80' lang='lat' dir='ltr'>injuriis</span> <span class='ocrx_word' id='word_1_57' title='bbox 393 922 419 969; x_wconf 82' lang='lat' dir='ltr'>dc</span> <span class='ocrx_word' id='word_1_58' title='bbox 438 920 612 970; x_wconf 78' lang='lat' dir='ltr'>calamitatibus</span> <span class='ocrx_word' id='word_1_59' title='bbox 629 920 728 970; x_wconf 82' lang='lat' dir='ltr'>lacess&#39;rti</span> 
     </span>
     <span class='ocr_line' id='line_1_10' title="bbox 65 979 731 1040; baseline -0.002 -7"><span class='ocrx_word' id='word_1_60' title='bbox 65 979 216 1035; x_wconf 85' lang='lat' dir='ltr'>illustriffimi</span> <span class='ocrx_word' id='word_1_61' title='bbox 245 983 422 1032; x_wconf 86' lang='lat' dir='ltr'>Provinciarum</span> <span class='ocrx_word' id='word_1_62' title='bbox 450 986 576 1033; x_wconf 85' lang='lat' dir='ltr'>Unitarum</span> <span class='ocrx_word' id='word_1_63' title='bbox 604 985 707 1035; x_wconf 85' lang='lat' dir='ltr'>Ordines</span> <span class='ocrx_word' id='word_1_64' title='bbox 722 1015 731 1040; x_wconf 92' lang='lat'>,</span> 
     </span>
     <span class='ocr_line' id='line_1_11' title="bbox 65 1044 728 1111; baseline -0.002 -16"><span class='ocrx_word' id='word_1_65' title='bbox 65 1044 97 1095; x_wconf 78' lang='lat' dir='ltr'>ed</span> <span class='ocrx_word' id='word_1_66' title='bbox 126 1044 157 1095; x_wconf 76' lang='lat' dir='ltr'>ud</span> <span class='ocrx_word' id='word_1_67' title='bbox 173 1045 224 1095; x_wconf 86' lang='lat' dir='ltr'>dixi</span> <span class='ocrx_word' id='word_1_68' title='bbox 238 1046 314 1094; x_wconf 88' lang='lat' dir='ltr'>animi</span> <span class='ocrx_word' id='word_1_69' title='bbox 324 1044 480 1103; x_wconf 86' lang='lat' dir='ltr'>fortitudine,</span> <span class='ocrx_word' id='word_1_70' title='bbox 496 1048 652 1111; x_wconf 86' lang='lat' dir='ltr'>unanimique</span> <span class='ocrx_word' id='word_1_71' title='bbox 666 1062 728 1105; x_wconf 53' lang='lat' dir='ltr'>con,</span> 
     </span>
     <span class='ocr_line' id='line_1_12' title="bbox 65 1058 729 1173; baseline -0.002 -15"><span class='ocrx_word' id='word_1_72' title='bbox 65 1058 133 1161; x_wconf 79' lang='lat' dir='ltr'>sensu</span> <span class='ocrx_word' id='word_1_73' title='bbox 146 1110 299 1160; x_wconf 89' lang='lat' dir='ltr'>decreverunt</span> <span class='ocrx_word' id='word_1_74' title='bbox 311 1109 388 1167; x_wconf 88' lang='lat' dir='ltr'>olim,</span> <span class='ocrx_word' id='word_1_75' title='bbox 404 1122 489 1173; x_wconf 89' lang='lat' dir='ltr'>atque,</span> <span class='ocrx_word' id='word_1_76' title='bbox 508 1111 641 1160; x_wconf 84' lang='lat' dir='ltr'>etiamnum</span> <span class='ocrx_word' id='word_1_77' title='bbox 655 1109 729 1159; x_wconf 91' lang='lat' dir='ltr'>hodie</span> 
     </span>
     <span class='ocr_line' id='line_1_13' title="bbox 64 1170 728 1237; baseline 0.002 -15"><span class='ocrx_word' id='word_1_78' title='bbox 64 1173 94 1222; x_wconf 89' lang='lat' dir='ltr'>iu</span> <span class='ocrx_word' id='word_1_79' title='bbox 106 1172 192 1223; x_wconf 71' lang='lat' dir='ltr'>eidem</span> <span class='ocrx_word' id='word_1_80' title='bbox 204 1170 308 1237; x_wconf 91' lang='lat' dir='ltr'>perstant</span> <span class='ocrx_word' id='word_1_81' title='bbox 319 1170 436 1220; x_wconf 76' lang='lat' dir='ltr'>seutentid</span> <span class='ocrx_word' id='word_1_82' title='bbox 445 1206 452 1229; x_wconf 93' lang='lat'>,</span> <span class='ocrx_word' id='word_1_83' title='bbox 457 1170 601 1237; x_wconf 89' lang='lat' dir='ltr'>profundere</span> <span class='ocrx_word' id='word_1_84' title='bbox 612 1175 688 1221; x_wconf 86' lang='lat' dir='ltr'>vitam</span> <span class='ocrx_word' id='word_1_85' title='bbox 700 1176 728 1223; x_wconf 76' lang='lat' dir='ltr'>dc</span> 
     </span>
     <span class='ocr_line' id='line_1_14' title="bbox 66 1231 729 1299; baseline 0.002 -16"><span class='ocrx_word' id='word_1_86' title='bbox 66 1233 207 1291; x_wconf 83' lang='lat' dir='ltr'>facultates,</span> <span class='ocrx_word' id='word_1_87' title='bbox 217 1231 415 1299; x_wconf 80' lang='lat' dir='ltr'>potseffionesque</span> <span class='ocrx_word' id='word_1_88' title='bbox 430 1250 516 1284; x_wconf 82' lang='lat' dir='ltr'>omnes</span> <span class='ocrx_word' id='word_1_89' title='bbox 529 1249 573 1299; x_wconf 87' lang='lat' dir='ltr'>pro</span> <span class='ocrx_word' id='word_1_90' title='bbox 585 1235 729 1285; x_wconf 67' lang='lat' dir='ltr'>vindicandi</span> 
     </span>
     <span class='ocr_line' id='line_1_15' title="bbox 67 1296 728 1364; baseline -0.003 -16"><span class='ocrx_word' id='word_1_91' title='bbox 67 1296 143 1348; x_wconf 91' lang='lat' dir='ltr'>salute</span> <span class='ocrx_word' id='word_1_92' title='bbox 168 1297 326 1362; x_wconf 82' lang='lat' dir='ltr'>libertateque</span> <span class='ocrx_word' id='word_1_93' title='bbox 340 1299 464 1346; x_wconf 91' lang='lat' dir='ltr'>communi</span> <span class='ocrx_word' id='word_1_94' title='bbox 478 1300 604 1364; x_wconf 79' lang='lat' dir='ltr'>Belgarum</span> <span class='ocrx_word' id='word_1_95' title='bbox 618 1314 625 1346; x_wconf 81' lang='lat' dir='ltr'>t</span> <span class='ocrx_word' id='word_1_96' title='bbox 652 1313 728 1362; x_wconf 89' lang='lat' dir='ltr'>quan-</span> 
     </span>
     <span class='ocr_line' id='line_1_16' title="bbox 67 1356 729 1427; baseline 0.002 -17"><span class='ocrx_word' id='word_1_97' title='bbox 67 1374 144 1425; x_wconf 91' lang='lat' dir='ltr'>quam</span> <span class='ocrx_word' id='word_1_98' title='bbox 163 1361 199 1427; x_wconf 89' lang='lat' dir='ltr'>(ut</span> <span class='ocrx_word' id='word_1_99' title='bbox 212 1356 342 1423; x_wconf 82' lang='lat' dir='ltr'>sapientem</span> <span class='ocrx_word' id='word_1_100' title='bbox 355 1362 381 1410; x_wconf 72' lang='grc' dir='ltr'>δι</span> <span class='ocrx_word' id='word_1_101' title='bbox 399 1358 492 1409; x_wconf 89' lang='lat' dir='ltr'>bonum</span> <span class='ocrx_word' id='word_1_102' title='bbox 509 1374 630 1426; x_wconf 91' lang='lat' dir='ltr'>quemque</span> <span class='ocrx_word' id='word_1_103' title='bbox 650 1363 729 1411; x_wconf 92' lang='lat' dir='ltr'>civem</span> 
     </span>
     <span class='ocr_line' id='line_1_17' title="bbox 68 1419 730 1487; baseline 0.002 -14"><span class='ocrx_word' id='word_1_104' title='bbox 68 1425 137 1473; x_wconf 88' lang='lat' dir='ltr'>initia</span> <span class='ocrx_word' id='word_1_105' title='bbox 150 1422 208 1473; x_wconf 91' lang='lat' dir='ltr'>belli</span> <span class='ocrx_word' id='word_1_106' title='bbox 220 1423 307 1473; x_wconf 80' lang='lat' dir='ltr'>Civilis</span> <span class='ocrx_word' id='word_1_107' title='bbox 316 1419 431 1487; x_wconf 89' lang='lat' dir='ltr'>suscipere</span> <span class='ocrx_word' id='word_1_108' title='bbox 445 1424 562 1482; x_wconf 86' lang='lat' dir='ltr'>invitum,</span> <span class='ocrx_word' id='word_1_109' title='bbox 577 1435 683 1474; x_wconf 82' lang='lat' dir='ltr'>extrema</span> <span class='ocrx_word' id='word_1_110' title='bbox 698 1425 730 1474; x_wconf 87' lang='lat' dir='ltr'>il-</span> 
     </span>
     <span class='ocr_line' id='line_1_18' title="bbox 67 1484 730 1553; baseline 0.003 -17"><span class='ocrx_word' id='word_1_111' title='bbox 67 1484 177 1537; x_wconf 88' lang='lat' dir='ltr'>lubentet</span> <span class='ocrx_word' id='word_1_112' title='bbox 187 1497 279 1536; x_wconf 84' lang='lat' dir='ltr'>tentare</span> <span class='ocrx_word' id='word_1_113' title='bbox 292 1486 372 1544; x_wconf 74' lang='lat' dir='ltr'>decet)</span> <span class='ocrx_word' id='word_1_114' title='bbox 382 1501 441 1553; x_wconf 74' lang='lat' dir='ltr'>agre</span> <span class='ocrx_word' id='word_1_115' title='bbox 454 1484 587 1536; x_wconf 86' lang='lat' dir='ltr'>admodum</span> <span class='ocrx_word' id='word_1_116' title='bbox 594 1485 730 1538; x_wconf 87' lang='lat' dir='ltr'>armasum·</span> 
     </span>
     <span class='ocr_line' id='line_1_19' title="bbox 68 1546 729 1623; baseline 0.002 -25"><span class='ocrx_word' id='word_1_117' title='bbox 68 1546 180 1616; x_wconf 87' lang='lat' dir='ltr'>pserunt:</span> <span class='ocrx_word' id='word_1_118' title='bbox 194 1552 281 1623; x_wconf 84' lang='lat' dir='ltr'>quippe</span> <span class='ocrx_word' id='word_1_119' title='bbox 293 1549 405 1599; x_wconf 88' lang='lat' dir='ltr'>videbant</span> <span class='ocrx_word' id='word_1_120' title='bbox 419 1551 510 1600; x_wconf 85' lang='lat' dir='ltr'>nullam</span> <span class='ocrx_word' id='word_1_121' title='bbox 525 1552 599 1601; x_wconf 89' lang='lat' dir='ltr'>aliam</span> <span class='ocrx_word' id='word_1_122' title='bbox 613 1552 677 1600; x_wconf 88' lang='lat' dir='ltr'>viam</span> <span class='ocrx_word' id='word_1_123' title='bbox 692 1549 729 1600; x_wconf 91' lang='lat' dir='ltr'>su-</span> 
     </span>
     <span class='ocr_line' id='line_1_20' title="bbox 68 1612 726 1679; baseline 0.003 -18"><span class='ocrx_word' id='word_1_124' title='bbox 68 1612 156 1679; x_wconf 86' lang='lat' dir='ltr'>peresse</span> <span class='ocrx_word' id='word_1_125' title='bbox 169 1613 199 1663; x_wconf 90' lang='lat' dir='ltr'>ad</span> <span class='ocrx_word' id='word_1_126' title='bbox 214 1612 375 1679; x_wconf 84' lang='lat' dir='ltr'>eiiugiendam</span> <span class='ocrx_word' id='word_1_127' title='bbox 389 1612 641 1679; x_wconf 81' lang='lat' dir='ltr'>ignominiolissimam</span> <span class='ocrx_word' id='word_1_128' title='bbox 659 1629 726 1663; x_wconf 87' lang='lat' dir='ltr'>mor-</span> 
     </span>
     <span class='ocr_line' id='line_1_21' title="bbox 67 1674 726 1741; baseline -0.002 -16"><span class='ocrx_word' id='word_1_129' title='bbox 67 1690 120 1726; x_wconf 84' lang='lat' dir='ltr'>tem</span> <span class='ocrx_word' id='word_1_130' title='bbox 134 1712 142 1733; x_wconf 91' lang='lat'>,</span> <span class='ocrx_word' id='word_1_131' title='bbox 158 1676 341 1740; x_wconf 84' lang='lat' dir='ltr'>servitutemque</span> <span class='ocrx_word' id='word_1_132' title='bbox 359 1675 522 1725; x_wconf 86' lang='lat' dir='ltr'>detestandam</span> <span class='ocrx_word' id='word_1_133' title='bbox 544 1674 705 1741; x_wconf 80' lang='lat' dir='ltr'>Hispanorum</span> <span class='ocrx_word' id='word_1_134' title='bbox 719 1694 726 1733; x_wconf 80' lang='lat'><em>3</em></span> 
     </span>
     <span class='ocr_line' id='line_1_22' title="bbox 68 1736 727 1804; baseline 0 -16"><span class='ocrx_word' id='word_1_135' title='bbox 68 1755 121 1788; x_wconf 90' lang='lat' dir='ltr'>non</span> <span class='ocrx_word' id='word_1_136' title='bbox 134 1737 357 1804; x_wconf 79' lang='lat' dir='ltr'>supplicationibus,</span> <span class='ocrx_word' id='word_1_137' title='bbox 372 1755 422 1787; x_wconf 89' lang='lat' dir='ltr'>non</span> <span class='ocrx_word' id='word_1_138' title='bbox 437 1736 563 1803; x_wconf 84' lang='lat' dir='ltr'>precibus,</span> <span class='ocrx_word' id='word_1_139' title='bbox 578 1755 630 1788; x_wconf 90' lang='lat' dir='ltr'>non</span> <span class='ocrx_word' id='word_1_140' title='bbox 649 1745 727 1804; x_wconf 81' lang='lat' dir='ltr'>Lega-</span> 
     </span>
     <span class='ocr_line' id='line_1_23' title="bbox 69 1799 729 1865; baseline 0 -15"><span class='ocrx_word' id='word_1_141' title='bbox 69 1799 189 1860; x_wconf 84' lang='lat' dir='ltr'>tionibtu,</span> <span class='ocrx_word' id='word_1_142' title='bbox 204 1818 255 1852; x_wconf 90' lang='lat' dir='ltr'>nou</span> <span class='ocrx_word' id='word_1_143' title='bbox 265 1801 417 1863; x_wconf 83' lang='lat' dir='ltr'>Imperatoris</span> <span class='ocrx_word' id='word_1_144' title='bbox 428 1799 514 1863; x_wconf 79' lang='lat' dir='ltr'>ipsius,</span> <span class='ocrx_word' id='word_1_145' title='bbox 526 1818 576 1850; x_wconf 92' lang='lat' dir='ltr'>non</span> <span class='ocrx_word' id='word_1_146' title='bbox 588 1801 671 1865; x_wconf 86' lang='lat' dir='ltr'>deniq;</span> <span class='ocrx_word' id='word_1_147' title='bbox 685 1816 729 1863; x_wconf 93' lang='lat' dir='ltr'>po-</span> 
     </span>
     <span class='ocr_line' id='line_1_24' title="bbox 69 1860 730 1927; baseline -0.002 -14"><span class='ocrx_word' id='word_1_148' title='bbox 69 1863 256 1915; x_wconf 88' lang='lat' dir='ltr'>tentiilimorum</span> <span class='ocrx_word' id='word_1_149' title='bbox 268 1866 293 1913; x_wconf 88' lang='lat'>&amp;</span> <span class='ocrx_word' id='word_1_150' title='bbox 306 1860 509 1912; x_wconf 87' lang='lat' dir='ltr'>Sereniilimorum</span> <span class='ocrx_word' id='word_1_151' title='bbox 521 1865 655 1927; x_wconf 77' lang='lat' dir='ltr'>Principum</span> <span class='ocrx_word' id='word_1_152' title='bbox 668 1869 730 1912; x_wconf 86' lang='lat' dir='ltr'>Ger·</span> 
     </span>
     <span class='ocr_line' id='line_1_25' title="bbox 71 1921 729 1981; baseline -0.002 -5"><span class='ocrx_word' id='word_1_153' title='bbox 71 1927 158 1976; x_wconf 77' lang='lat' dir='ltr'>maniat</span> <span class='ocrx_word' id='word_1_154' title='bbox 169 1921 372 1976; x_wconf 84' lang='lat' dir='ltr'>iutercciiionibut</span> <span class='ocrx_word' id='word_1_155' title='bbox 382 1926 458 1974; x_wconf 90' lang='lat' dir='ltr'>ullum</span> <span class='ocrx_word' id='word_1_156' title='bbox 471 1925 551 1974; x_wconf 89' lang='lat' dir='ltr'>locum</span> <span class='ocrx_word' id='word_1_157' title='bbox 559 1925 609 1976; x_wconf 86' lang='lat' dir='ltr'>dari</span> <span class='ocrx_word' id='word_1_158' title='bbox 616 1943 623 1981; x_wconf 65' lang='grc' dir='ltr'><strong><em>ς</em></strong></span> <span class='ocrx_word' id='word_1_159' title='bbox 630 1925 729 1975; x_wconf 86' lang='lat' dir='ltr'>tandem</span> 
     </span>
     <span class='ocr_line' id='line_1_26' title="bbox 71 1984 731 2053; baseline 0.002 -15"><span class='ocrx_word' id='word_1_160' title='bbox 71 1986 123 2038; x_wconf 92' lang='lat' dir='ltr'>sola</span> <span class='ocrx_word' id='word_1_161' title='bbox 136 2004 202 2039; x_wconf 89' lang='lat' dir='ltr'>arma</span> <span class='ocrx_word' id='word_1_162' title='bbox 215 1990 305 2053; x_wconf 91' lang='lat' dir='ltr'>reliqua</span> <span class='ocrx_word' id='word_1_163' title='bbox 321 1984 387 2045; x_wconf 86' lang='lat' dir='ltr'>esse,</span> <span class='ocrx_word' id='word_1_164' title='bbox 401 1988 486 2052; x_wconf 80' lang='lat' dir='ltr'>quibus</span> <span class='ocrx_word' id='word_1_165' title='bbox 504 1986 519 2037; x_wconf 70' lang='lat' dir='ltr'>a</span> <span class='ocrx_word' id='word_1_166' title='bbox 538 1987 667 2039; x_wconf 88' lang='lat' dir='ltr'>cervicibus</span> <span class='ocrx_word' id='word_1_167' title='bbox 682 1987 731 2039; x_wconf 77' lang='lat' dir='ltr'>suis</span> 
     </span>
     <span class='ocr_line' id='line_1_27' title="bbox 72 2048 634 2117; baseline -0.002 -14"><span class='ocrx_word' id='word_1_168' title='bbox 72 2050 155 2103; x_wconf 84' lang='lat' dir='ltr'>servile</span> <span class='ocrx_word' id='word_1_169' title='bbox 166 2052 214 2102; x_wconf 89' lang='lat' dir='ltr'>hoc</span> <span class='ocrx_word' id='word_1_170' title='bbox 225 2048 370 2117; x_wconf 84' lang='lat' dir='ltr'>Tyrannldis</span> <span class='ocrx_word' id='word_1_171' title='bbox 383 2051 464 2115; x_wconf 78' lang='lat' dir='ltr'>iugum</span> <span class='ocrx_word' id='word_1_172' title='bbox 476 2049 634 2113; x_wconf 82' lang='lat' dir='ltr'>dimoverent.</span> 
     </span>
    </p>

    <p class='ocr_par' dir='ltr' id='par_1_4' title="bbox 71 2112 731 2495">
     <span class='ocr_line' id='line_1_28' title="bbox 103 2112 728 2180; baseline -0.003 -14"><span class='ocrx_word' id='word_1_173' title='bbox 103 2114 182 2180; x_wconf 76' lang='lat' dir='ltr'>Quid!</span> <span class='ocrx_word' id='word_1_174' title='bbox 190 2117 255 2165; x_wconf 88' lang='lat' dir='ltr'>itane</span> <span class='ocrx_word' id='word_1_175' title='bbox 265 2127 343 2163; x_wconf 85' lang='lat' dir='ltr'>rerum</span> <span class='ocrx_word' id='word_1_176' title='bbox 356 2114 450 2179; x_wconf 83' lang='lat' dir='ltr'>ignatus</span> <span class='ocrx_word' id='word_1_177' title='bbox 462 2114 495 2164; x_wconf 83' lang='lat' dir='ltr'>til</span> <span class='ocrx_word' id='word_1_178' title='bbox 508 2112 728 2180; x_wconf 67' lang='lat' dir='ltr'>Hispanuc,utnon</span> 
     </span>
     <span class='ocr_line' id='line_1_29' title="bbox 72 2172 728 2247; baseline -0.003 -19"><span class='ocrx_word' id='word_1_179' title='bbox 72 2179 193 2245; x_wconf 82' lang='lat' dir='ltr'>intelligat</span> <span class='ocrx_word' id='word_1_180' title='bbox 205 2192 279 2244; x_wconf 79' lang='lat' dir='ltr'>quam</span> <span class='ocrx_word' id='word_1_181' title='bbox 293 2177 357 2226; x_wconf 77' lang='lat' dir='ltr'>arua</span> <span class='ocrx_word' id='word_1_182' title='bbox 369 2172 415 2225; x_wconf 80' lang='lat' dir='ltr'>etse</span> <span class='ocrx_word' id='word_1_183' title='bbox 426 2174 513 2247; x_wconf 86' lang='lat' dir='ltr'>debeat</span> <span class='ocrx_word' id='word_1_184' title='bbox 528 2180 665 2239; x_wconf 71' lang='lat' dir='ltr'>conjunctio</span> <span class='ocrx_word' id='word_1_185' title='bbox 678 2180 728 2227; x_wconf 88' lang='lat' dir='ltr'>ani-</span> 
     </span>
     <span class='ocr_line' id='line_1_30' title="bbox 71 2240 730 2305; baseline 0 -14"><span class='ocrx_word' id='word_1_186' title='bbox 71 2256 169 2291; x_wconf 89' lang='lat' dir='ltr'>morum</span> <span class='ocrx_word' id='word_1_187' title='bbox 182 2277 189 2299; x_wconf 93' lang='lat'>‚</span> <span class='ocrx_word' id='word_1_188' title='bbox 204 2243 377 2296; x_wconf 86' lang='lat' dir='ltr'>voluntatum,</span> <span class='ocrx_word' id='word_1_189' title='bbox 398 2240 597 2305; x_wconf 84' lang='lat' dir='ltr'>consiliorumque</span> <span class='ocrx_word' id='word_1_190' title='bbox 617 2242 730 2291; x_wconf 90' lang='lat' dir='ltr'>omnium</span> 
     </span>
     <span class='ocr_line' id='line_1_31' title="bbox 71 2300 731 2369; baseline 0 -16"><span class='ocrx_word' id='word_1_191' title='bbox 71 2307 134 2353; x_wconf 89' lang='lat' dir='ltr'>inter</span> <span class='ocrx_word' id='word_1_192' title='bbox 149 2309 176 2354; x_wconf 79' lang='lat' dir='ltr'>Se</span> <span class='ocrx_word' id='word_1_193' title='bbox 188 2303 338 2369; x_wconf 23' lang='lat' dir='ltr'>&amp;usubditos</span> <span class='ocrx_word' id='word_1_194' title='bbox 349 2300 465 2368; x_wconf 83' lang='lat' dir='ltr'>suos‚per</span> <span class='ocrx_word' id='word_1_195' title='bbox 477 2316 584 2353; x_wconf 90' lang='lat' dir='ltr'>mutuam</span> <span class='ocrx_word' id='word_1_196' title='bbox 598 2303 670 2352; x_wconf 87' lang='lat' dir='ltr'>fidem</span> <span class='ocrx_word' id='word_1_197' title='bbox 679 2339 685 2362; x_wconf 88' lang='lat'>‚</span> <span class='ocrx_word' id='word_1_198' title='bbox 695 2305 731 2363; x_wconf 83' lang='lat' dir='ltr'>ju-</span> 
     </span>
     <span class='ocr_line' id='line_1_32' title="bbox 72 2366 731 2433; baseline -0.005 -17"><span class='ocrx_word' id='word_1_199' title='bbox 72 2366 149 2431; x_wconf 83' lang='lat' dir='ltr'>risque</span> <span class='ocrx_word' id='word_1_200' title='bbox 161 2368 252 2428; x_wconf 85' lang='lat' dir='ltr'>jurandi</span> <span class='ocrx_word' id='word_1_201' title='bbox 265 2367 409 2433; x_wconf 87' lang='lat' dir='ltr'>religionem</span> <span class='ocrx_word' id='word_1_202' title='bbox 421 2368 556 2416; x_wconf 65' lang='lat' dir='ltr'>contracta?</span> <span class='ocrx_word' id='word_1_203' title='bbox 571 2380 623 2430; x_wconf 82' lang='lat' dir='ltr'>quat</span> <span class='ocrx_word' id='word_1_204' title='bbox 635 2366 680 2415; x_wconf 90' lang='lat' dir='ltr'>smt</span> <span class='ocrx_word' id='word_1_205' title='bbox 694 2367 731 2414; x_wconf 92' lang='lat' dir='ltr'>le-</span> 
     </span>
     <span class='ocr_line' id='line_1_33' title="bbox 73 2427 730 2495; baseline -0.002 -18"><span class='ocrx_word' id='word_1_206' title='bbox 73 2445 131 2495; x_wconf 88' lang='lat' dir='ltr'>gum</span> <span class='ocrx_word' id='word_1_207' title='bbox 145 2433 170 2480; x_wconf 81' lang='lat' dir='ltr'>dt</span> <span class='ocrx_word' id='word_1_208' title='bbox 181 2431 237 2480; x_wconf 85' lang='lat' dir='ltr'>fidei</span> <span class='ocrx_word' id='word_1_209' title='bbox 247 2432 342 2479; x_wconf 83' lang='lat' dir='ltr'>vincula</span> <span class='ocrx_word' id='word_1_210' title='bbox 355 2464 363 2487; x_wconf 87' lang='lat'>‚</span> <span class='ocrx_word' id='word_1_211' title='bbox 378 2441 428 2492; x_wconf 84' lang='lat' dir='ltr'>quac</span> <span class='ocrx_word' id='word_1_212' title='bbox 439 2429 546 2478; x_wconf 88' lang='lat' dir='ltr'>vinciunt</span> <span class='ocrx_word' id='word_1_213' title='bbox 561 2444 659 2477; x_wconf 86' lang='lat' dir='ltr'>munera</span> <span class='ocrx_word' id='word_1_214' title='bbox 676 2427 730 2477; x_wconf 89' lang='lat' dir='ltr'>offi-</span> 
     </span>
    </p>
   </div>
   <div class='ocr_carea' id='block_1_3' title="bbox 72 2489 732 2797">
    <p class='ocr_par' dir='ltr' id='par_1_5' title="bbox 72 2489 732 2797">
     <span class='ocr_line' id='line_1_34' title="bbox 72 2489 730 2607; baseline -0.005 -66"><span class='ocrx_word' id='word_1_215' title='bbox 72 2495 157 2556; x_wconf 87' lang='lat' dir='ltr'>ciaque</span> <span class='ocrx_word' id='word_1_216' title='bbox 168 2495 279 2543; x_wconf 90' lang='lat' dir='ltr'>omnium</span> <span class='ocrx_word' id='word_1_217' title='bbox 292 2494 430 2607; x_wconf 60' lang='lat' dir='ltr'>Princppum</span> <span class='ocrx_word' id='word_1_218' title='bbox 442 2489 584 2557; x_wconf 86' lang='lat' dir='ltr'>senatusque</span> <span class='ocrx_word' id='word_1_219' title='bbox 604 2496 629 2542; x_wconf 77' lang='grc' dir='ltr'>δι</span> <span class='ocrx_word' id='word_1_220' title='bbox 649 2489 730 2540; x_wconf 90' lang='lat' dir='ltr'>Subdi-</span> 
     </span>
     <span class='ocr_line' id='line_1_35' title="bbox 73 2552 731 2621; baseline -0.003 -17"><span class='ocrx_word' id='word_1_221' title='bbox 73 2566 169 2612; x_wconf 88' lang='lat' dir='ltr'>torum,</span> <span class='ocrx_word' id='word_1_222' title='bbox 181 2556 282 2606; x_wconf 89' lang='lat' dir='ltr'>Domini</span> <span class='ocrx_word' id='word_1_223' title='bbox 295 2559 321 2607; x_wconf 82' lang='lat' dir='ltr'>bt</span> <span class='ocrx_word' id='word_1_224' title='bbox 333 2570 362 2605; x_wconf 88' lang='lat' dir='ltr'>va</span> <span class='ocrx_word' id='word_1_225' title='bbox 374 2554 526 2621; x_wconf 73' lang='lat' dir='ltr'>alliiQibus</span> <span class='ocrx_word' id='word_1_226' title='bbox 537 2557 603 2604; x_wconf 89' lang='lat' dir='ltr'>enim</span> <span class='ocrx_word' id='word_1_227' title='bbox 616 2555 646 2604; x_wconf 86' lang='lat' dir='ltr'>de</span> <span class='ocrx_word' id='word_1_228' title='bbox 658 2552 731 2604; x_wconf 77' lang='lat' dir='ltr'>causis</span> 
     </span>
     <span class='ocr_line' id='line_1_36' title="bbox 73 2615 732 2684; baseline -0.002 -18"><span class='ocrx_word' id='word_1_229' title='bbox 73 2615 181 2667; x_wconf 77' lang='lat' dir='ltr'>vasallus</span> <span class='ocrx_word' id='word_1_230' title='bbox 193 2619 267 2668; x_wconf 86' lang='lat' dir='ltr'>sendo</span> <span class='ocrx_word' id='word_1_231' title='bbox 281 2620 386 2672; x_wconf 77' lang='lat' dir='ltr'>excidit,</span> <span class='ocrx_word' id='word_1_232' title='bbox 402 2616 485 2668; x_wconf 90' lang='lat' dir='ltr'>iisdem</span> <span class='ocrx_word' id='word_1_233' title='bbox 503 2618 607 2667; x_wconf 90' lang='lat' dir='ltr'>dominii</span> <span class='ocrx_word' id='word_1_234' title='bbox 624 2618 732 2684; x_wconf 90' lang='lat' dir='ltr'>proprie-</span> 
     </span>
     <span class='ocr_line' id='line_1_37' title="bbox 73 2680 732 2797; baseline -0.005 -67"><span class='ocrx_word' id='word_1_235' title='bbox 73 2693 123 2730; x_wconf 89' lang='lat' dir='ltr'>tate</span> <span class='ocrx_word' id='word_1_236' title='bbox 133 2682 197 2730; x_wconf 89' lang='lat' dir='ltr'>illius</span> <span class='ocrx_word' id='word_1_237' title='bbox 210 2683 342 2747; x_wconf 79' lang='lat' dir='ltr'>Principem</span> <span class='ocrx_word' id='word_1_238' title='bbox 352 2682 439 2797; x_wconf 81' lang='lat' dir='ltr'>privari</span> <span class='ocrx_word' id='word_1_239' title='bbox 456 2684 492 2744; x_wconf 80' lang='lat' dir='ltr'>jus</span> <span class='ocrx_word' id='word_1_240' title='bbox 506 2681 540 2730; x_wconf 88' lang='lat' dir='ltr'>est</span> <span class='ocrx_word' id='word_1_241' title='bbox 554 2698 561 2729; x_wconf 79' lang='lat' dir='ltr'>t</span> <span class='ocrx_word' id='word_1_242' title='bbox 576 2681 631 2730; x_wconf 91' lang='lat' dir='ltr'>huic</span> <span class='ocrx_word' id='word_1_243' title='bbox 650 2680 732 2730; x_wconf 84' lang='lat' dir='ltr'>vasal-</span> 
     </span>
    </p>
   </div>
   <div class='ocr_carea' id='block_1_4' title="bbox 75 2742 731 2872">
    <p class='ocr_par' dir='ltr' id='par_1_6' title="bbox 75 2742 731 2872">
     <span class='ocr_line' id='line_1_38' title="bbox 75 2742 731 2857; baseline -0.005 -64"><span class='ocrx_word' id='word_1_244' title='bbox 75 2747 112 2818; x_wconf 76' lang='lat' dir='ltr'>lus</span> <span class='ocrx_word' id='word_1_245' title='bbox 125 2758 168 2792; x_wconf 88' lang='lat' dir='ltr'>nec</span> <span class='ocrx_word' id='word_1_246' title='bbox 180 2743 306 2819; x_wconf 79' lang='lat' dir='ltr'>fidemnec</span> <span class='ocrx_word' id='word_1_247' title='bbox 319 2742 351 2795; x_wconf 80' lang='lat' dir='ltr'>ob</span> <span class='ocrx_word' id='word_1_248' title='bbox 362 2747 459 2821; x_wconf 89' lang='lat' dir='ltr'>equium</span> <span class='ocrx_word' id='word_1_249' title='bbox 474 2744 579 2857; x_wconf 82' lang='lat' dir='ltr'>prastare</span> <span class='ocrx_word' id='word_1_250' title='bbox 591 2745 698 2819; x_wconf 81' lang='lat' dir='ltr'>cogitur,</span> <span class='ocrx_word' id='word_1_251' title='bbox 712 2742 731 2790; x_wconf 78' lang='lat' dir='ltr'>si</span> 
     </span>
     <span class='ocr_line' id='line_1_39' title="bbox 75 2805 731 2872; baseline -0.003 -17"><span class='ocrx_word' id='word_1_252' title='bbox 75 2806 123 2872; x_wconf 85' lang='lat' dir='ltr'>ipse</span> <span class='ocrx_word' id='word_1_253' title='bbox 135 2805 209 2857; x_wconf 86' lang='lat' dir='ltr'>sidem</span> <span class='ocrx_word' id='word_1_254' title='bbox 224 2811 249 2858; x_wconf 76' lang='lat' dir='ltr'>bc</span> <span class='ocrx_word' id='word_1_255' title='bbox 261 2823 310 2869; x_wconf 70' lang='lat' dir='ltr'>pura</span> <span class='ocrx_word' id='word_1_256' title='bbox 323 2807 389 2858; x_wconf 81' lang='lat' dir='ltr'>feudi</span> <span class='ocrx_word' id='word_1_257' title='bbox 406 2807 474 2858; x_wconf 85' lang='lat' dir='ltr'>Vasal</span> <span class='ocrx_word' id='word_1_258' title='bbox 487 2824 503 2856; x_wconf 92' lang='lat'>0</span> <span class='ocrx_word' id='word_1_259' title='bbox 520 2809 641 2857; x_wconf 85' lang='lat' dir='ltr'>recusavit.</span> <span class='ocrx_word' id='word_1_260' title='bbox 674 2813 731 2856; x_wconf 78' lang='lat' dir='ltr'>Pra-</span> 
     </span>
    </p>
   </div>
   <div class='ocr_carea' id='block_1_5' title="bbox 75 2872 751 2986">
    <p class='ocr_par' dir='ltr' id='par_1_7' title="bbox 75 2872 751 2986">
     <span class='ocr_line' id='line_1_40' title="bbox 75 2872 739 2986; baseline -0.012 -65"><span class='ocrx_word' id='word_1_261' title='bbox 75 2872 138 2924; x_wconf 72' lang='lat' dir='ltr'>clarb</span> <span class='ocrx_word' id='word_1_262' title='bbox 165 2873 226 2923; x_wconf 88' lang='lat' dir='ltr'>olim</span> <span class='ocrx_word' id='word_1_263' title='bbox 252 2872 375 2939; x_wconf 83' lang='lat' dir='ltr'>Domitius</span> <span class='ocrx_word' id='word_1_264' title='bbox 393 2876 482 2986; x_wconf 55' lang='lat' dir='ltr'>quator</span> <span class='ocrx_word' id='word_1_265' title='bbox 504 2880 543 2924; x_wconf 78' lang='lat' dir='ltr'>Car</span> <span class='ocrx_word' id='word_1_266' title='bbox 565 2888 601 2936; x_wconf 64' lang='lat' dir='ltr'>ego</span> <span class='ocrx_word' id='word_1_267' title='bbox 621 2884 642 2921; x_wconf 81' lang='lat' dir='ltr'>te</span> <span class='ocrx_word' id='word_1_268' title='bbox 655 2874 739 2974; x_wconf 47' lang='lat' dir='ltr'>umqum</span> 
     </span>
     <span class='ocr_line' id='line_1_41' title="bbox 390 2946 751 2979; baseline -0.017 0"><span class='ocrx_word' id='word_1_269' title='bbox 390 2970 393 2979; x_wconf 93' lang='lat'>.</span> <span class='ocrx_word' id='word_1_270' title='bbox 708 2946 751 2975; x_wconf 61' lang='lat' dir='ltr'>snt·</span> 
     </span>
    </p>
   </div>
   <div class='ocr_carea' id='block_1_6' title="bbox 0 190 824 3008">
    <p class='ocr_par' dir='ltr' id='par_1_8' title="bbox 0 190 824 3008">
     <span class='ocr_line' id='line_1_42' title="bbox 0 190 824 3008; baseline 0 0"><span class='ocrx_word' id='word_1_271' title='bbox 0 190 824 3008; x_wconf 95' lang='lat' dir='ltr'> </span> 
     </span>
    </p>
   </div>
  </div>
 </body>
</html>
