1612 3008
84 316 130 368 206
202 317 390 384 Jacour
421 317 607 368 caueri

80 432 206 483 nunquam
217 416 336 471 fatiscenti
346 421 372 468 iu
384 429 441 467 vota
458 432 487 466 cu
504 414 583 477 idini)
601 412 674 478 paulo
690 422 744 459 een

82 484 131 531 tior
145 480 237 539 suiss‘tt,
250 496 320 532 taceo
331 479 350 529 st
362 477 475 545 conspexi
493 479 600 527 et?Aliis
614 476 744 526 hierecen-

82 542 161 595 fendis
179 548 296 611 exemplis
313 541 471 609 supersedeo,
487 557 543 591 cum
559 540 651 589 nullum
669 546 743 602 queat

83 606 131 656 ess'e
151 608 268 658 illustrius.
301 608 324 656 Si
345 608 413 656 enim
437 604 562 671 quisquam
575 602 642 651 brevi
656 601 743 649 dextro

82 675 184 727 Hert-uia,
199 687 250 719 rem
261 670 334 727 feeit,
347 670 369 717 is
380 680 443 717 uerte
457 684 501 732 prae
514 665 625 714 omnibus
637 663 671 712 est
684 664 743 713 Aie-

84 733 220 789 xandet,ut
250 734 274 781 ui
284 736 324 782 vix
336 745 454 780 annorum
467 732 577 796 triginta,
591 740 671 776 totum
681 722 743 791 pene

84 807 200 843 terrarum
214 811 241 844 or
258 810 314 852 em,
328 806 391 844 certe
400 792 522 869 potissima
533 794 582 853 eius
595 804 683 856 tegna,
696 792 744 838 im·

83 857 152 921 perio
164 855 207 906 suo
220 857 319 919 adjecit,
335 854 499 920 terminosque
516 854 558 903 sibi
577 855 688 920 potentie
707 851 743 901 fe-

80 921 118 968 eit
130 922 255 969 Orientem
269 922 296 970 &
308 919 430 970 occasum.
455 925 533 985 Qiare
547 920 572 967 &
587 918 678 981 aliquot
691 912 744 979 post

83 979 167 1031 seculis
179 983 351 1049 magnitudinis
362 987 411 1046 ejus
429 985 491 1031 imer
507 987 654 1037 Romanos,
672 992 745 1027 armu-

85 1046 122 1094 lus
131 1047 202 1105 Julian
217 1049 355 1104 &smum
367 1045 474 1109 Quaestor
484 1046 510 1095 in
526 1040 745 1106 HispaniaapudGa·

85 1112 120 1157 des
135 1108 161 1156 in
175 1111 268 1174 templo
281 1114 374 1159 Herculis
387 1105 480 1158 vidiffet
494 1110 619 1156 ,Aitxandri
629 1105 746 1162 statuam,

85 1184 138 1219 non
150 1174 227 1221 tenuit
238 1174 375 1237 lacrymas,
393 1184 465 1237 atque
481 1168 512 1219 ad
530 1170 622 1219 amieos
642 1182 744 1216 eonver-

85 1232 136 1283 sus:
153 1240 223 1293 Hoc,
239 1237 330 1299 inquit,
348 1234 423 1285 etatis
433 1231 482 1309 qud
495 1248 557 1282 nune
570 1230 634 1286 sum,
644 1234 745 1279 Alexan·

86 1300 123 1346 dn
134 1296 221 1347 devicit
236 1296 426 1363 potentiffimum
441 1297 511 1345 tilum
524 1294 684 1343 Monatehum
697 1299 747 1342 Da-

86 1364 159 1407 rium:
174 1360 235 1409 mihi
248 1375 306 1409 vero
319 1360 350 1409 ad
363 1360 426 1408 hunc
438 1356 511 1421 usque
523 1357 588 1406 diem
597 1355 693 1423 (agebat
704 1371 746 1405 au·

87 1434 139 1471 rem
149 1421 297 1489 trigeiimum
313 1420 421 1485 annum)
437 1420 498 1469 nihil
516 1423 617 1484 praelati
632 1419 748 1470 facinoris

87 1483 179 1549 gestum
193 1483 233 1533 est.
266 1489 352 1549 Neque
370 1483 404 1533 est
422 1483 488 1548 quod
506 1481 633 1549 quisquam
652 1480 678 1531 id
693 1480 747 1533 doli

86 1550 213 1595 ,Alexandri
223 1546 309 1595 tribuat
321 1544 386 1613 quafi
398 1544 465 1611 supra
477 1547 538 1595 alios
547 1549 618 1596 avari.
651 1550 716 1594 Nam
728 1543 747 1595 ii

88 1608 192 1659 iiberalis
200 1607 325 1674 quisquam
333 1612 398 1669 ‚imo
409 1609 521 1676 prodigus
533 1612 612 1658 extitit
620 1608 747 1665 ,omnium

88 1683 153 1721 terro
171 1676 289 1722 memoria
308 1674 464 1738 Principum,
493 1675 513 1721 is
531 1684 593 1722 certe
612 1670 748 1721 Alexander

87 1732 149 1792 fitit,
163 1750 214 1785 non
227 1737 316 1785 talenta
329 1734 422 1794 solum,
437 1733 477 1786 sed
490 1736 590 1801 predia,
606 1750 691 1800 agros,
708 1750 749 1783 ea·

88 1794 169 1856 stella,
184 1797 271 1857 urbes,
286 1802 434 1864 provincias,
448 1801 500 1848 imo
520 1799 612 1863 integra
633 1812 705 1862 regna
722 1800 748 1847 in

87 1860 180 1911 amieos
191 1862 274 1927 paffim
288 1863 455 1912 distribuendo.
480 1867 558 1925 Quare
570 1876 628 1909 unus
641 1862 680 1908 hic
692 1876 746 1908 me-

87 1924 138 1973 rito
148 1926 193 1973 erit
206 1924 276 1973 nobis
288 1926 359 1974 instar
372 1926 496 1979 omnium,
512 1927 535 1970 in
549 1939 597 1987 quo
609 1925 661 1972 luce
675 1924 748 1971 meri-

87 1984 160 2035 diand
175 1988 257 2035 clarius
270 2001 393 2053 appareat,
408 2000 524 2050 quantum
536 1984 611 2041 abrit,
625 1998 649 2033 ut
662 1982 749 2035 vesana

89 2049 133 2097 illa
145 2064 219 2115 opum
232 2053 361 2111 cupiditas,
373 2046 559 2113 quantiscunque
572 2051 643 2097 etiam
658 2046 744 2113 poffes·

88 2108 208 2169 sionibus,
225 2114 368 2161 exiatutetur
380 2125 502 2176 unquam,
518 2111 606 2161 nedum
624 2125 648 2158 ut
668 2110 750 2175 speta-

88 2186 142 2221 tum
152 2172 305 2223 beatitudinis
318 2171 415 2239 scopum
434 2171 573 2239 assequatur.
606 2180 686 2239 Atque
700 2174 748 2222 hoe

88 2239 193 2301 primum
206 2235 255 2285 esto
268 2238 354 2285 errotis
369 2238 467 2285 humani
480 2239 505 2284 in
521 2236 671 2287 Beatirudine
690 2252 748 2284 eoir-

90 2298 201 2348 sedanda
212 2297 409 2356 divortium,five
420 2299 538 2348 anfradiut
568 2299 631 2346 otius
646 2299 746 2346 inextri-

89 2362 174 2410 cabilis
191 2361 328 2426 labyrinthi.
359 2368 429 2413 Prom
447 2375 499 2410 turn
517 2377 529 2409 e
548 2374 572 2409 et
591 2360 700 2425 deinceps
721 2366 747 2412 δι

89 2425 152 2473 alios
167 2422 291 2487 subjicere,
306 2422 347 2474 sed
359 2377 521 2490 longiffimam
534 2440 584 2472 uon
599 2424 675 2487 ¹tnodo
688 2430 749 2473 Ota-

90 2487 198 2545 tionem,
214 2484 253 2535 sed
265 2488 387 2553 ingentem
398 2486 497 2537 iliadem
508 2486 642 2553 postularet.
671 2493 748 2553 Quare

92 2564 123 2598 ne
138 2548 201 2599 solus
211 2547 291 2613 sapere
304 2551 365 2598 velle
376 2550 474 2607 videar,
490 2552 515 2600 dt
528 2550 621 2601 dicendi
637 2552 699 2600 vites
711 2568 749 2599 te·

91 2613 148 2683 retis
159 2613 280 2701 preripere
288 2611 374 2669 ,finem
386 2613 424 2662 hic
437 2612 569 2673 faciam&
583 2614 649 2678 quod
660 2616 684 2663 in
698 2630 749 2663 cut-

67 2724 71 2731 ,
92 2673 117 2723 su
132 2688 192 2728 iuret
204 2675 314 2745 lampada
327 2676 420 2731 tradam
432 2675 547 2746 sequenti.
581 2679 645 2729 Diti.

659 2870 753 2914 QM-
