1612 3008
232 228 437 281 onusto
467 226 542 276 xvll.
677 238 722 289 τις

75 318 98 375 ἢ
104 325 228 395 prebuerit
236 340 367 387 ,utcontra
374 329 400 378 in
407 325 490 376 urbem
497 324 600 376 hostium
610 326 722 392 plenam,

74 389 725 459 Recipitisaltussemetipseimmiserit.Audanmeher·

72 452 113 505 fise
129 455 251 509 facinus!
279 457 366 521 quippe
388 468 516 519 antequam
533 450 659 519 assurgeret
679 470 723 518 op·

69 518 130 575 lomi
142 532 256 587 poterat,
271 522 297 569 δι
310 520 363 583 capi
374 520 448 567 vivus.
481 517 524 566 Sed
537 516 601 565 forte
612 520 646 566 ita
664 516 724 567 libe·

67 578 721 647 siverateorpnsmtsepedibusexeiperet.ltaquestans

63 643 98 695 ἃ
108 660 222 713 pugnam
231 644 493 710 ,donecgravivulnete
502 642 616 697 afflistus.
631 660 720 709 magna

60 706 220 777 nsanguinis
234 711 352 757 emicante
368 743 375 765 ,
390 704 477 763 remisit
496 720 561 756 arma
578 708 723 757 moribundo

57 758 159 830 findis,
175 771 289 836 adeoque
301 769 436 826 resolutus,
452 782 478 817 ut
492 764 523 820 u‘e
540 770 569 818 ad
584 771 723 821 vellendum

86 836 159 887 'dem
172 836 251 884 telum
263 833 377 883 sufficeret
389 833 477 883 dextra.
511 832 555 882 Sed
567 848 622 881 cum
635 834 665 883 ad
679 852 722 883 ex·

48 898 213 1013 &licendum
225 912 322 963 corpus,
337 900 379 961 qui
390 898 564 952 vulneraverat,
577 898 653 946 alacer
665 912 723 962 gau-

67 962 72 971 “
107 963 351 1018 accurreret‚ultimi
361 959 484 1008 dedecoris
502 960 643 1024 indignitate
656 976 724 1009 com·

46 1032 155 1082 motus,
170 1025 324 1089 linquentem
334 1024 454 1072 revocavit
465 1024 617 1075 animum&
629 1022 722 1073 nudum

46 1080 131 1139 hosiis
146 1090 213 1137 latus
224 1084 330 1148 subielio
343 1100 457 1135 mucrone
467 1084 551 1136 haufit.
567 1089 593 1132 0
604 1086 721 1136 invidum

46 1152 132 1203 animi
144 1150 236 1201 robur!
252 1156 277 1199 0
287 1150 444 1199 constantiam
458 1146 639 1198 admirabilem!
655 1155 721 1197 Tan-

46 1211 109 1267 dem
125 1213 230 1275 Peucestes
244 1228 284 1279 pet
299 1215 372 1263 aliam
387 1211 469 1277 oppidi
484 1224 576 1275 partem
590 1210 720 1264 deturbatis

46 1276 294 1345 propugnatoribus,
307 1279 370 1343 Regi
381 1277 526 1341 supervenit,
543 1277 583 1340 qui
597 1275 670 1326 tribus
686 1279 722 1338 ja·

46 1344 112 1393 cusia
129 1338 271 1398 confossus,
289 1357 340 1389 non
352 1341 374 1391 se
386 1353 467 1389 tamen
480 1337 560 1397 scuto,
575 1336 614 1388 sed
626 1345 720 1406 Regem

46 1404 177 1457 tuebantur.
183 1402 257 1453 Subiit
271 1419 368 1470 quoque
380 1408 467 1452 limans
479 1404 520 1467 qui
532 1404 614 1451 multis
622 1402 721 1452 adverso

46 1482 159 1535 torpore
182 1469 316 1516 vulneribus
345 1467 466 1532 acceptis,
490 1466 635 1532 egregiique
654 1467 720 1516 editt

46 1530 138 1600 pugni
150 1531 253 1579 tandem
265 1531 358 1580 cecidit.
376 1537 474 1579 Leonatus
485 1535 559 1578 etiam
573 1529 631 1578 dum
651 1531 720 1579 avide

46 1608 154 1647 ruentes
169 1593 285 1643 Barbaros
295 1593 432 1650 submovet,
448 1594 537 1641 cervice
549 1593 651 1656 graviter
663 1592 721 1650 leid,

46 1658 209 1709 semianimis
227 1657 350 1721 procubuit
369 1669 425 1704 ante
441 1671 466 1703 re
485 1656 504 1702 is
516 1657 598 1716 pedes.
624 1654 679 1718 Jam
693 1660 720 1707 δι

46 1720 162 1781 Peucestes
176 1719 310 1770 vulneribus
324 1721 437 1784 fatigatus
450 1670 589 1765 submiserat
602 1718 720 1780 clypeum.

46 1788 77 1833 ln
97 1782 207 1841 Arellius
218 1779 269 1848 spes
279 1785 363 1832 ultima
377 1780 491 1832 haerebat:
505 1779 545 1827 hic
558 1792 653 1892 quoque
666 1796 719 1846 gra-

46 1849 116 1897 viter
128 1841 221 1894 saucius
233 1860 325 1895 tantam
337 1848 388 1895 vim
406 1843 511 1893 hostium
528 1843 590 1891 ultra
618 1841 720 1897 ustinere

46 1926 105 1959 non
137 1920 225 1958 oterat.
238 1917 302 1958 lntcr
314 1910 363 1957 hac
376 1907 406 1956 ad
420 1911 550 1963 nsreedanes,
566 1911 662 1972 Regem
680 1925 719 1958 ce-

46 1974 99 2022 cidi
121 1971 225 2029 e,fami
237 1974 326 2037 perlata
339 1970 379 2021 esi.
406 1969 531 2019 Terruisset
544 1970 605 2018 alios
618 1972 721 2035 quodil·

48 2038 93 2087 los
106 2033 232 2089 incitabat.
241 2042 306 2085 Nam
319 2036 415 2098 periculi
429 2049 513 2082 omnes
524 2036 680 2084 immemores
691 2042 716 2087 dt

47 2103 108 2151 vitae
121 2098 233 2163 prodigi,
248 2098 354 2148 dolabris
366 2093 497 2170 perfregdre
508 2112 616 2153 murum,
632 2101 657 2147 dc
670 2100 719 2161 qni

47 2164 139 2213 moliti
150 2174 219 2210 erant
231 2163 322 2211 aditum
336 2155 437 2225 irrupire
446 2175 469 2206 m
484 2160 581 2215 urbem3
598 2159 720 2223 Indosque

47 2229 135 2291 plnres
148 2222 283 2291 fugientes,
298 2223 371 2289 quim
383 2221 499 2287 congredi
516 2220 717 2276 ausoncecidsre.

49 2288 172 2363 secribus,
186 2288 300 2347 feminis,
317 2284 447 2360 infantibus
460 2300 510 2332 non
523 2286 632 2350 parcitur.
650 2286 719 2351 Qris-

50 2347 720 2481 llssissl‘alalllllllltllsssl‘lgss}

50 2480 131 2529 Ducis
143 2479 226 2527 munia
239 2482 273 2526 im
290 2478 359 2534 levit,
376 2474 491 2539 nusquam
504 2473 546 2524 fibi
565 2476 591 2523 in
610 2481 717 2541 perieulis

53 2539 168 2599 indulsit,
183 2540 261 2605 eique
273 2492 303 2589 de
315 2538 384 2588 mirsi
398 2554 453 2588 cum
466 2540 533 2586 nullo
544 2544 650 2602 u'nqnam
670 2542 716 2591 ho·

52 2604 125 2653 siium
137 2602 275 2671 congressus
286 2601 333 2660 esi,
349 2616 422 2667 quem
434 2617 486 2650 non
506 2603 589 2650 vicerit
603 2637 610 2660 ,
626 2606 717 2654 nullam

56 2682 154 2732 gentem
166 2670 241 2724 adiit,
256 2680 328 2733 quam
340 2680 390 2715 non
403 2666 444 2715 sub
455 2667 538 2733 jugum
551 2665 667 2733 redegerit
675 2703 682 2727 ,
690 2673 716 2719 δι

55 2730 206 2797 potestatem.
280 2750 289 2767 ·

363 2799 386 2849 G
403 2804 418 2848 ⁶
700 2795 745 2846 'li
