1612 3008
94 162 124 208 μ
194 144 382 211 Jncoar
414 142 601 193 crucrr

125 234 444 353 oRATro
506 259 698 352 var.

390 423 429 469 De

263 525 344 592 Vitae
361 522 531 602 Termino,
562 518 565 522 ’

343 648 467 697 Habitari

81 751 333 801 GERARDO
365 744 745 797 SEVENHUYSIO.

82 867 262 977 Quamquam
273 863 410 932 conspedius
421 861 495 914 tester
506 862 586 911 multo
602 859 744 936 iufundidi-

125 943 178 978 mus
195 944 241 979 me*
250 930 477 986 excitare‚animare
487 927 555 975 locus
566 923 598 972 ad
611 924 743 985 drcendurn

82 990 242 1042 ornatissimur
254 990 437 1049 debeamunum
447 1002 530 1038 tamen
543 985 577 1036 est
606 987 743 1037 uoditarne

83 1050 319 1112 sollicitumreddit‚
335 1066 360 1103 ut
373 1052 417 1103 nist
434 1050 545 1126 fin'guiari
563 1000 641 1125 veRra
659 1049 742 1099 huma·

83 1117 159 1165 nitate
169 1118 271 1175 niterer,
285 1116 411 1167 tacendum
426 1127 505 1180 potrus
517 1127 592 1177 quam
612 1111 741 1163 dicendum
789 1140 793 1147 ·

84 1177 147 1226 mihi
158 1177 205 1229 effe
222 1180 357 1241 judicarem
390 1186 426 1230 Ex
444 1179 548 1228 lotatum
565 1175 641 1249 enirn·
653 1172 743 1242 perspe-

84 1241 197 1306 dumque
209 1242 301 1302 habeo,
314 1244 398 1308 quanti
407 1193 497 1293 idiotis
508 1237 692 1313 fit‚quantrque
703 1252 742 1303 pt·

83 1303 154 1352 riculi
165 1304 226 1369 apud
240 1306 304 1356 viror
316 1305 440 1370 prudentia
451 1320 479 1354 ac
490 1302 626 1353 eruditione
640 1300 744 1368 iniignet

84 1364 155 1414 verba
165 1366 256 1424 facere,
274 1371 299 1418 &
312 1368 458 1431 experientia
466 1382 517 1416 non
528 1363 603 1414 semei
616 1364 706 1422 didici,
717 1379 743 1413 e·

83 1428 276 1492 loquentissimos
288 1427 496 1497 disertiffimosque
508 1429 649 1485 viros,cum
662 1427 692 1478 ad
707 1427 743 1477 di·

83 1490 186 1541 tendam
196 1490 311 1543 veniffent
323 1495 356 1542 ita
374 1494 441 1544 fuisse
454 1490 609 1543 conturbatos
621 1504 648 1540 ut
659 1492 745 1541 obmu-

84 1554 179 1606 tuerint.
210 1555 296 1621 Qraest
310 1557 335 1605 in
347 1558 412 1607 viros
424 1561 449 1608 &
466 1556 565 1621 quidem
583 1555 687 1604 eximios
705 1569 745 1602 ca-

86 1615 223 1683 dant,quid
234 1619 295 1668 mihi
307 1620 405 1670 tandem
420 1620 495 1669 animi
507 1614 553 1666 effe
567 1620 745 1680 oportetiFor·

85 1677 145 1728 fitan
158 1695 215 1746 ergo
227 1680 373 1733 mirabimini
383 1699 422 1732 cur
433 1684 459 1732 in
471 1679 539 1730 tanti
550 1678 745 1730 dostissimorum

85 1743 190 1793 virorum
202 1744 291 1794 corond
303 1746 384 1796 iocum
394 1746 456 1796 hunc
467 1743 587 1809 pubiicum
597 1741 746 1793 conscende·

85 1819 112 1853 re
124 1821 173 1855 non
184 1806 356 1868 dubitaverim,
371 1824 443 1874 quem
455 1822 492 1858 tot
505 1820 560 1857 ante
579 1821 619 1856 me
633 1840 642 1862 ,
660 1807 747 1872 quibus

86 1867 161 1934 longe
172 1869 270 1919 inferior
281 1866 347 1928 sum,
363 1871 427 1922 haud
446 1887 530 1937 parum
546 1869 744 1920 reformidarunt.

87 1930 131 1980 Sed
156 1930 248 1982 causam
262 1931 303 1988 ,fi
325 1936 403 1998 piacet
424 1970 431 1992 ,
452 1935 567 1985 adducam
587 1952 594 1982 z
616 1935 747 1995 ,Agesilaum

86 1997 253 2055 Spartanorum
265 2004 337 2063 Regem
349 1995 432 2046 dixiffe
453 1998 534 2048 ferunt
547 2032 554 2054 ,
568 2009 624 2044 tunc
640 2013 697 2045 cum
713 2013 744 2046 ex

85 2056 151 2106 cursu
163 2073 240 2107 rerum
252 2058 346 2108 fortiter
356 2060 473 2125 gestarum
484 2063 509 2110 in
523 2059 577 2109 Asra
585 2058 628 2115 ,ab
640 2061 746 2124 Ephorit

85 2132 209 2170 revocatus
227 2118 291 2178 esset,
322 2126 420 2173 omnibus
440 2129 462 2186 st
480 2128 571 2172 vidiorit'v
590 2141 613 2169 ac
631 2128 746 2185 triumphis

85 2184 138 2243 longe
150 2198 261 2247 anteponere
272 2186 398 2233 obediendam
407 2193 478 2241 patria
488 2190 581 2235 debiturn.
598 2191 676 2233 Aurea
689 2200 746 2247 pro-

86 2242 152 2294 fedo
163 2262 227 2303 vox,
242 2263 269 2296 ac
288 2259 358 2296 tanto
377 2250 484 2313 Principe
505 2246 595 2313 digna!
614 2248 648 2294 ita
660 2248 723 2296 mihi
738 2283 745 2305 ‚

86 2307 229 2366 auditores,
243 2310 342 2358 arbitror
358 2307 403 2360 effe
416 2311 553 2366 honestum,
568 2307 584 2358 sr
600 2323 685 2358 eorum
701 2325 745 2359 vo·

86 2370 172 2421 luntati
185 2373 228 2422 hac
239 2388 335 2438 quoque
347 2375 372 2422 in
386 2388 451 2437 parte
462 2374 527 2422 haud
539 2373 626 2421 invitus
645 2372 744 2422 obtem-

86 2447 182 2496 perem,
197 2452 298 2500 quorum
313 2434 428 2500 obsequio
440 2452 479 2486 me
493 2449 571 2484 totum
584 2435 631 2491 iam
648 2436 743 2499 pridem

86 2495 187 2554 devovi,
203 2503 227 2547 ὅ(
248 2514 309 2561 quos
327 2515 406 2565 aequos
426 2497 471 2548 effe
488 2498 536 2548 scio
556 2495 687 2547 studiorum
705 2500 739 2559 ju·

87 2563 190 2609 venturis
202 2559 285 2611 schol'a
302 2560 345 2610 suae
363 2561 528 2611 aestr'matores:
542 2563 568 2609 in
582 2573 627 2621 qua
644 2578 695 2610 non
712 2577 736 2609 a(

84 2622 272 2678 ostentationem
285 2628 310 2677 dr
323 2627 458 2689 iterantium
470 2624 574 2678 instituta
584 2624 636 2677 suut
648 2623 729 2734 pubklic

701 2702 726 2734 rt
