1612 3008
78 193 121 233 188
203 182 387 245 JACOBI
420 189 605 237 CRUCII

75 288 118 338 suc
131 307 228 341 munere
236 293 360 359 perfungi,
378 306 417 342 aur
430 292 528 343 Nobilis
547 292 671 340 honorem
690 289 724 340 su·

76 355 180 409 siluere,
200 357 257 420 quid
276 359 390 406 Nobilis?
412 359 463 405 imo
483 372 540 405 vcro
558 371 602 405 nec
621 355 724 404 hominis
770 370 774 397 :

76 419 261 482 appellationem
273 421 356 467 mereri
370 419 448 484 possit.
771 430 774 435 '

107 479 145 530 Ad
158 479 207 529 hac
219 481 381 546 quldregeris,
397 483 438 546 qui
449 479 586 530 cathedram
599 478 663 528 hanc
674 490 726 528 ante

77 556 117 591 rne
129 540 286 592 conscendere
299 560 347 591 non
365 543 490 593 dubitasti?
503 542 583 606 Qridl
599 556 685 599 mene,
698 556 727 589 en

75 603 157 661 frons,
174 619 204 652 an
215 618 315 669 utraque
326 605 369 655 ribi
382 607 473 656 defuit?
487 600 728 654 nondumiverituis

76 663 161 715 semita
177 668 250 732 longe
262 668 411 723 reuocante,
423 666 729 740 animadvertis,graaiter·

78 742 124 791 que
130 728 284 787 hallucinari,
301 730 464 781 &clarissimae
471 731 565 780 veritati
578 730 661 777 nescio
672 742 728 793 quar

76 789 184 839 tenebras
192 788 314 841 offundere
322 795 386 857 „qui
399 794 507 842 oratione
520 805 561 842 tua
577 792 682 841 licenter
693 791 728 839 ni·

76 854 135 906 mis.
152 853 368 911 &contumeliose‚
383 858 409 905 in
422 852 611 921 frequentissimi
625 850 671 902 hic
685 851 728 902 do·
771 910 773 917 Ι

76 914 232 966 ἂίῐΙῑῐηοῐυιη
243 920 348 966 virorum
366 917 456 967 eorond
474 917 633 983 praestantiam
651 916 730 965 litera·

76 992 129 1027 rum
143 976 251 1044 sugillare
257 994 355 1029 conatus
362 996 402 1039 es,
421 980 514 1045 &apud
525 995 567 1028 eos
578 979 605 1026 in
619 990 729 1027 contem·

76 1053 145 1105 ptrun
165 1041 292 1098 adducere,
312 1058 414 1108 quorum
434 1040 540 1092 maxime
559 1039 657 1090 interest
671 1074 678 1098 ,
692 1041 730 1091 laia

76 1106 144 1162 Mass
154 1104 326 1155 amoenioribus
336 1106 424 1155 imbui?
440 1106 484 1155 Sed
518 1103 586 1154 uibus
603 1116 729 1169 argumen-

76 1165 107 1212 tis
114 1170 122 1212 Ξ
130 1169 158 1214 iis
168 1166 257 1231 (libere
268 1168 346 1215 dicam
354 1119 519 1232 quodsenriod
527 1182 578 1233 quae
587 1163 733 1231 dignitatem

76 1240 157 1275 earum
170 1229 341 1278 commendant
354 1234 526 1297 magis,quam
544 1229 729 1293 deprimuntur

76 1303 128 1352 quae
145 1288 257 1355 responso
273 1292 330 1404 dm
350 1293 496 1356 κιφκλαίων)
514 1291 613 1365 indigna
641 1289 729 1350 judica·

78 1366 144 1409 rem,
158 1354 201 1403 nisr
214 1368 272 1418 expe
297 1357 372 1404 ationi
387 1355 529 1405 Auditorum
548 1367 623 1403 ettam
643 1353 688 1402 hac
705 1353 730 1403 in

77 1426 142 1479 parte
160 1412 266 1466 satisfieri
283 1416 381 1475 debere,
398 1418 459 1468 mihi
477 1415 647 1483 persuaderem.
671 1420 730 1463 Gu-

76 1495 121 1533 ros,
137 1490 198 1589 <puna
210 1495 252 1544 per
263 1493 431 1545 contemptum
443 1482 556 1545 graculos
568 1477 730 1542 appellanpri·

78 1553 133 1589 mos
155 1543 264 1592 iteratum
277 1546 412 1593 inventores
431 1542 477 1593 esse
496 1543 620 1596 clamitas,
635 1543 660 1588 ἃ
691 1541 731 1589 uia

77 1603 217 1670 pltnrmque
230 1605 344 1661 fabulosi,
360 1608 432 1655 arceri
445 1607 527 1661 abiis,
543 1607 568 1655 ἃ
582 1603 605 1652 di
641 1554 731 1652 iodbus

77 1664 159 1717 lludiit
171 1673 249 1718 Nobiles
259 1671 367 1732 occupari
388 1669 480 1719 debere.
497 1667 540 1716 Sed
556 1667 598 1730 qui
632 1663 676 1713 nifi
694 1666 731 1713 in-

77 1724 169 1778 scitiam
182 1744 248 1779 tuam
262 1731 342 1792 prodis
353 1764 360 1784 .
374 1733 415 1795 qui
427 1745 477 1781 tam
484 1729 665 1778 confidenterea
672 1723 733 1777 alse-

76 1804 128 1838 rere
140 1807 190 1840 non
202 1791 331 1841 erubescis?
345 1798 399 1842 Hoc
412 1794 425 1843 d
439 1810 478 1843 me
485 1791 561 1848 drsce,
575 1807 627 1840 non
639 1794 733 1848 Graes,

79 1848 119 1900 sed
132 1853 169 1901 his
180 1857 253 1919 longe
265 1855 411 1927 antiquiores
424 1857 545 1906 literarum
556 1856 581 1903 dr
589 1853 675 1901 artium
684 1849 731 1901 else

77 1913 214 1965 inventores
227 1919 380 1979 Antiquiores
394 1931 457 1967 certe
475 1916 521 1967 esse
532 1916 588 1965 inde
604 1916 657 1980 plus
675 1912 733 1964 satie

78 1975 189 2036 constat,
206 1977 272 2043 quod
287 1977 346 2027 teste
365 1983 452 2043 Diogem
469 1984 571 2034 Laertie,
592 1981 732 2025 Abrabam

78 2037 119 2087 diu
137 2053 192 2090 ante
215 2054 324 2107 tempora
348 2046 463 2092 Graorum
487 2045 513 2091 in
532 2046 630 2104 ,ὥρμα
648 2037 731 2089 Astro-

77 2105 187 2153 nomiam
204 2104 292 2154 docuit.
308 2110 338 2154 Et
357 2110 499 2161 Prahawo,
517 2108 595 2157 Plau,
616 2104 731 2160 Eudoxus,

77 2179 128 2213 non
141 2165 234 2217 {Grecis
251 2170 329 2233 primo
354 2166 531 2230 philosophiam
550 2163 731 2222 addidicerunr,

76 2223 116 2275 sed
131 2227 145 2277 d
159 2231 246 2289 Judais:
262 2231 287 2278 hi
299 2229 314 2277 ⁸²
328 2231 464 2290 Trrsmcgrsto,
479 2230 615 2293 Trismegr'frus
634 2226 646 2274 d
666 2228 731 2286 Mose.

77 2289 136 2339 Inde
149 2291 182 2340 est
194 2292 260 2356 quod
267 2295 388 2353 Porphyrius
405 2295 512 2340 Graecam
534 2287 713 2352 Philosophiana
724 2323 732 2347 ,

76 2354 145 2401 mille
159 2355 287 2402 minimum
302 2351 388 2406 annis,
405 2356 459 2410 Mose
490 2351 643 2417 posteriorem
663 2348 733 2409 else,

76 2413 171 2463 fatetur:
196 2417 335 2474 ⁸Aristoteles,
366 2412 547 2477 hilosophorum
572 2412 733 2477 coryphaeus,

76 2477 102 2525 in
115 2482 212 2540 ‹fr-'pypro
224 2490 284 2525 mres
298 2428 480 2525 Matdematicas
498 2479 531 2526 ait
544 2477 623 2540 primo
642 2475 733 2525 consti-

76 2551 139 2588 tutas
159 2537 233 2589 fuisse.
249 2540 341 2588 ldcirco
354 2539 378 2586 in
392 2542 513 2602 Appium
531 2535 650 2603 navigasse
664 2544 734 2585 Ana·

76 2619 194 2663 uaporem,
215 2608 347 2665 Pythagoram
368 2635 375 2658 ,
404 2606 534 2657 Platonem,
564 2612 589 2648 ut
620 2597 731 2650 shilol'o-

61 2656 150 2727 Plls²m
162 2663 283 2721 discerent
295 2666 323 2718 iu
344 2664 456 2735 collegiis
473 2662 641 2715 sacerdotum.
663 2661 752 2781 thpzdz
