1590 3036
99 54 165 105 haud
176 54 347 117 dedignemini

135 121 167 166 Ut
178 118 220 179 qui
240 116 335 167 fontem
355 118 380 166 in
399 118 491 184 origine
509 115 542 166 sui
560 116 622 167 secar
638 152 645 175 ,

98 180 222 236 exhaurit,
238 182 264 229 δι
281 179 399 245 quldquid
418 180 432 229 i
451 180 520 229 sonte
537 179 657 231 foecrurdit

102 240 157 291 fluit
169 243 245 309 agris,
261 256 322 306 quos
335 244 412 291 macic
426 241 465 292 sud
483 244 596 307 paulatim
614 258 654 293 em

99 320 199 418 asar
211 302 657 433 iussssssifiifaia‘eissiaffssi

103 433 177 481 miori
188 446 261 497 quam
272 431 398 481 intendunt
411 431 525 481 dederint
538 430 657 481 sterilitate

100 508 155 543 cere
165 529 172 552 ‚
181 493 344 558 speratamquc
358 494 383 542 in
396 492 486 543 semine
498 492 539 543 suo
550 490 650 543 messem

101 572 145 614 rc,
161 569 232 620 atque
245 555 306 605 adeo
318 556 332 605 a
344 556 422 605 radice
437 554 553 606 succidere
568 592 576 614 ,
593 558 634 621 qui
652 557 657 603 l

101 618 166 669 hunc
177 634 251 683 quam
261 617 406 668 laudandam
419 616 506 687 suscepi
515 618 611 693 superbe
622 618 657 667 fai

102 686 130 733 δι
144 680 295 747 aspernantur
308 697 315 728 ι
328 697 382 731 cum
400 683 482 733 omnic
500 681 619 733 solidioris
635 682 657 729 li

100 745 189 809 adeps,
205 760 232 794 ac
245 745 333 793 melior
345 742 472 803 succinus>
486 748 536 795 e'us
546 743 657 802 studim:

102 808 118 856 ὲ
129 810 248 857 matutino
260 822 327 865 rore,
335 811 360 858 &
373 808 449 859 imbre
480 810 485 821 ’
513 822 562 859 uct.
569 812 635 858 Nam
646 805 657 856 s

101 870 171 932 hujus
185 870 341 935 praestantiam
353 873 418 921 resto
431 872 511 933 judicii
524 871 596 921 oculo
610 869 656 919 esti

102 935 161 999 quid
174 934 219 984 hic
230 934 277 985 und
289 933 434 997 splendidius
447 938 455 982 ἔ
472 934 559 999 quidve
578 934 609 983 ad
626 934 657 983 dii

101 994 252 1062 capessendas
262 1000 359 1056 utilius,
372 1013 400 1047 ac
412 1000 490 1062 magis
501 992 657 1047 necesarium

103 1074 135 1125 pe
149 1060 197 1126 qui
209 1061 273 1110 reiut
287 1062 407 1125 Delphico
418 1062 500 1126 gladio
514 1061 545 1109 ad
557 1062 655 1117 omnia,

103 1137 152 1187 que
164 1125 199 1171 uti
210 1125 432 1172 conveniat.Latina
438 1125 504 1171 euim
510 1122 612 1172 eruditio
624 1124 656 1171 cir

104 1184 206 1235 cismum
215 1200 301 1234 manca
313 1185 359 1242 est,
367 1201 410 1234 nec
422 1186 491 1235 illam
502 1186 585 1251 recipit
597 1184 654 1235 solis

102 1247 157 1305 sam
166 1248 253 1304 Atticis
265 1253 383 1297 Venerem
393 1250 462 1311 Aprrd
476 1251 576 1298 Latinuc
587 1249 657 1297 rivuli

102 1310 163 1359 dam
174 1308 274 1367 sunt,&
286 1312 376 1360 lacernae
388 1309 591 1376 lutulentaezapud
604 1316 657 1361 Grae

103 1386 141 1460 εἷς
154 1370 326 1460 puriffipni,n&
338 1375 439 1460 {hffini
452 1391 533 1449 aurrurr
545 1376 658 1459 vcipucnri:
