1612 3008
236 385 435 435 onarro
466 387 540 435 rvr.
677 394 724 449 nr

68 472 139 538 periri
151 473 273 540 possen&
285 480 350 528 viam
363 477 405 528 srbi
418 479 463 528 hac
476 481 568 529 ratione
580 475 609 527 ad
622 477 727 544 gloriam

68 541 257 601 comparandam
268 542 401 593 intercludi.
433 544 505 601 Julius
518 544 581 602 caefirr
595 542 619 589 in
634 545 727 606 templo

70 602 179 651 Herculis
196 605 258 669 apud
280 604 380 662 Gades,
403 602 532 653 Alexandri
551 601 650 652 statuam
668 620 726 653 con-

10 666 14 673 '
70 665 215 731 templatus,
232 683 283 715 non
294 668 370 715 tenuit
382 668 519 731 lacrymam
535 669 602 740 quod
613 682 641 715 ea
656 680 724 716 atate

69 738 117 789 qua
123 740 180 775 tunc
188 741 237 778 etat
246 728 341 795 (agebat
349 731 414 779 enim
421 745 511 781 antrum
523 742 553 778 ttr
571 727 683 792 esrmum)
693 737 725 778 A·

10 826 14 835 .
68 788 184 838 lexander
196 803 274 841 totam
294 790 353 857 perth
373 790 455 842 Afiam
467 824 476 848 ,
490 744 610 841 debedato
631 794 727 849 Dario,

10 868 12 893 ε
69 847 727 920 subpotestatemsuamredegiss'etrillecontraadhunc

67 910 143 976 usque
157 915 237 975 diem,
250 918 312 967 nihil
323 918 392 967 laude
403 918 504 984 dignum
517 915 660 983 prestitisset.

102 979 135 1026 Hi
144 990 194 1028 tres
207 982 319 1029 omnium
332 996 434 1046 quorum
440 981 599 1030 meminerunt
606 980 723 1038 Historia,

70 1041 183 1091 maximis
198 1045 285 1093 animia
297 1037 428 1108 subterqui
439 1060 488 1093 non
501 1040 578 1092 solum
590 1040 727 1100 verbis,sed

69 1104 144 1151 etiam
157 1105 288 1155 actionibus
300 1105 368 1171 ipsis,
382 1120 471 1171 quanta
484 1102 557 1154 elsent
574 1104 707 1156 ambitione
721 1142 729 1167 ,

69 1167 151 1279 falam
163 1165 242 1218 ferire
255 1203 262 1226 ,
276 1168 343 1233 quod
361 1183 404 1218 nec
412 1168 570 1233 superiorem,
581 1182 626 1218 nec
644 1185 726 1235 parent

82 1242 131 1277 erre
178 1243 280 1281 ruerunt.
313 1233 447 1292 Themistocles
465 1232 532 1280 enim
550 1246 605 1279 cum
628 1234 726 1281 viridaria

70 1293 96 1340 in
109 1307 137 1341 ca
154 1308 194 1343 em
206 1294 261 1342 urbe
274 1295 421 1343 commorari
433 1310 483 1343 non
490 1296 589 1407 <fotrum
607 1309 652 1343 nec
671 1298 726 1343 Ro·

27 1392 32 1399 .
71 1368 118 1403 mn
131 1359 194 1414 ecfer
205 1371 259 1405 cum
275 1361 380 1419 Pompejor
397 1357 490 1407 Alexan
507 1372 531 1405 et
550 1371 607 1406 vero
626 1372 679 1405 cum
699 1373 728 1407 o·

70 1414 136 1465 blata
150 1415 193 1467 fibi
204 1420 229 1467 in
241 1435 341 1469 uxorem
354 1418 403 1469 filia
419 1421 506 1474 Darii,
521 1420 627 1469 Orientis
645 1426 726 1485 Impe—

10 1528 14 1553 .‚
70 1481 133 1527 tium
142 1496 200 1530 cunr
216 1481 297 1531 socero
309 1483 389 1548 partiri
401 1480 511 1548 potuiss'et
524 1519 531 1542 ,
549 1474 675 1550 utrumque
688 1499 726 1532 re·

10 1556 12 1561 '
71 1539 174 1601 culavit,
189 1545 320 1610 inquiens,
337 1550 442 1595 Mundum
463 1547 477 1595 ἆ
499 1548 573 1595 duobus
591 1550 669 1596 Sorrina
685 1566 726 1595 non

71 1612 119 1669 regi.
135 1612 170 1656 lta
182 1621 312 1674 agnatum,
329 1611 380 1658 imo
392 1608 441 1659 fere
455 1612 563 1660 innatum
575 1609 622 1659 hoc
640 1610 726 1659 vitium

10 1688 12 1709 τ
68 1669 190 1733 generosis
200 1672 372 1729 animis,haud
385 1675 453 1721 aliter
464 1673 536 1736 quim
548 1671 726 1722 delicatioribus

69 1733 144 1796 lignis
155 1735 247 1790 caries,
267 1750 317 1806 quae
336 1734 391 1782 ideo
407 1734 508 1802 teredini
526 1735 603 1798 magis
620 1733 727 1783 obnoxia

70 1796 146 1858 quim
159 1795 255 1845 viliora:
264 1801 300 1843 stc
312 1811 360 1860 quo
372 1797 441 1844 altius
454 1798 541 1853 evelli,
549 1800 574 1846 δι
588 1811 637 1860 quo
649 1798 727 1856 major

71 1872 156 1921 eorum
170 1856 202 1905 est
216 1858 322 1920 potentia
334 1859 358 1905 in
372 1872 433 1921 quos
449 1857 586 1906 dominatur
604 1857 704 1906 ambitio
718 1893 727 1918 ‚

71 1934 103 1968 eo
117 1919 283 1984 periculoliot,
293 1919 356 1968 addo
370 1923 395 1970 δι
410 1919 569 1984 perniciosior.
583 1926 647 1984 Qrot
660 1922 727 1970 enim

10 1981 12 1999 '
71 1982 135 2033 bella
152 1983 258 2033 incendit
275 1983 316 2032 illa
336 1981 474 2032 insatiabilis
492 1985 517 2034 δι
537 1982 630 2033 infinita
643 1984 727 2032 domi-

72 2044 146 2094 nandi
157 2045 248 2096 libido:
262 2044 380 2095 Graffatut
393 2048 419 2094 in
432 2044 487 2096 Afia
501 2052 647 2101 Alexander,
664 2056 728 2105 Cyrus

71 2109 99 2157 in
111 2111 187 2159 Ionia.
204 2117 236 2159 At
248 2124 327 2174 neque
338 2109 472 2158 Alexander
485 2109 577 2169 Aliam,
588 2125 663 2174 neque
677 2114 727 2174 Cy·

14 2206 19 2225 1
70 2187 111 2221 tus
124 2188 230 2238 unquam
241 2175 336 2221 Ioniam
348 2168 425 2221 fuiss'et
437 2174 561 2237 populatus
575 2209 582 2230 ,
601 2173 644 2222 nili
659 2172 726 2223 adid

15 2236 19 2293 J
71 2249 197 2300 utrumque
211 2232 358 2299 compulillet
371 2239 478 2285 Ambitio.
506 2242 562 2285 Hac
572 2242 726 2285 Lar-adamnani

10 2316 12 2321 ·
31 2316 37 2327 ·
72 2294 295 2356 cum'onhenienfilus
305 2296 438 2355 commisit,
455 2296 504 2347 hatc
518 2301 650 2359 arilianensis
664 2315 722 2347 con·

10 2358 24 2423 2'
70 2374 108 2410 tta
122 2359 232 2409 Corinthios
243 2357 377 2427 instigavit,
392 2361 441 2410 lraec
459 2360 543 2409 eadem
563 2364 728 2424 Carthaginnnses

72 2427 98 2472 in
113 2431 231 2484 Romanos,
252 2430 353 2484 Romanos
369 2427 394 2473 in
412 2424 523 2472 nationes
542 2442 626 2480 amaret,
647 2426 671 2472 ὅ(
689 2424 727 2473 his

71 2483 173 2535 subal-iis
188 2519 194 2540 ‚
217 2483 256 2535 sua
268 2485 373 2549 ipsorum
385 2486 510 2535 inviscera
522 2484 591 2536 bellis
609 2484 726 2535 Civilibus

72 2546 151 2599 saevire
164 2546 233 2597 'ussit
265 2549 303 2597 Ad
316 2548 379 2606 hac,
395 2550 449 2614 quis
461 2546 570 2615 superbas
582 2551 642 2598 ades
662 2564 728 2598 ever·

73 2610 124 2669 sas,
139 2568 207 2661 urbes
221 2609 397 2661 florentiffimar
410 2610 464 2663 solo
477 2626 580 2679 aequatas
594 2648 602 2671 ‚
616 2615 726 2678 regiones

72 2674 227 2725 fertiliffimas
240 2673 383 2731 devastatas,
398 2676 563 2733 munimenta,
580 2673 725 2733 castella,ab

73 2737 119 2787 hac
130 2736 305 2802 perturbatione
317 2752 463 2805 expugnata,
479 2738 572 2788 intensa
586 2775 593 2797 ‚
607 2738 683 2788 diruta
701 2756 727 2788 e-

73 2805 197 2851 numeret?
213 2800 376 2865 Ncnrpe,hae
388 2804 431 2853 illa
442 2802 475 2852 est
487 2817 538 2867 quat
550 2802 728 2863 nihilintenta-

73 2875 140 2925 tum,
156 2864 217 2916 nihil
229 2863 336 2916 inausum
349 2866 462 2933 relinquit
474 2886 482 2926 3
499 2868 524 2918 δι
536 2867 605 2917 utin
614 2865 720 2916 nunno
731 2893 742 2913 t

377 2936 397 2981 X
693 2935 756 2985 W*
