1612 3008
130 168 175 220 „a
247 159 432 225 Jacorr
465 156 653 206 cnuorr

125 251 395 308 illuminationum,
411 249 449 299 hic
462 251 583 315 proveniri
596 252 607 299 i
619 250 693 298 nullo
706 248 790 299 modo

128 315 218 363 Divina
232 316 297 363 enim
309 312 433 379 dispositio
450 329 500 361 non
513 313 613 363 fitllitut.
648 314 724 363 Unde
742 311 792 362 fieri

129 392 181 425 non
192 377 269 441 potest
282 391 307 426 ut
318 378 395 426 homo
408 376 445 425 vel
460 376 546 425 diutius
563 378 601 426 vel
623 377 710 426 minus
727 376 790 425 vivat

127 454 203 504 qnam
215 441 303 489 Divina
314 442 360 489 Dei
373 439 522 504 providentia
535 439 582 488 fert
594 440 622 488 in
640 439 698 488 vitre
717 436 792 499 eujus-

128 516 177 567 que
188 505 294 552 termino
304 502 484 559 immutabiliter
495 502 608 567 profixo,
622 499 735 565 respeolu
748 500 792 552 Dei

129 563 278 630 praescientia
290 566 532 630 &praeordinationis
548 585 556 624 3
570 564 612 615 sed
630 567 676 629 qui
697 566 792 615 Divino

130 628 286 692 providentiae
297 644 379 693 patum
392 632 475 695 gnari,
500 644 543 677 uos
554 644 585 677 ve
602 639 644 677 eta
656 640 729 678 atate
740 642 793 677 mo·

131 691 151 738 ri
164 690 247 741 vident
260 693 348 742 diutius
364 692 443 741 vivere
461 692 491 742 de
508 690 565 741 uili'e
583 644 715 749 samone,
737 692 792 756 quia

131 767 243 817 poterant
253 756 339 803 :vitam
352 753 414 804 hanc
426 767 578 805 numerantes
589 754 688 819 calculo
700 752 793 818 semper

132 829 235 876 natura,
250 819 276 869 id
287 817 320 867 est
330 815 384 875 suo,
401 834 451 868 non
465 819 532 875 Dei,
547 832 576 867 ac
592 831 640 883 pro
668 832 726 866 enea
737 832 792 883 prx-

131 880 223 930 maturi
235 894 315 931 morte
325 894 433 947 ereptos,
449 885 474 933 δι
486 883 511 931 in
523 881 576 930 vitae
640 895 732 938 u‚non
741 894 792 931 me

132 954 170 990 ta:
188 944 226 992 vel
239 944 325 1011 quodi
343 943 459 995 fidiutius
473 946 551 995 vivere
569 942 740 1008 speraverint,
754 943 789 991 vel

131 1004 200 1068 quod
210 1020 293 1058 natata
304 960 398 1058 rozrotis
410 1011 436 1058 δι
448 1007 568 1075 sanguinis
581 1007 678 1071 plena,
692 1007 787 1071 longio-

132 1082 184 1116 rem
195 1068 250 1134 ipfis
264 1072 338 1121 vitam
350 1071 472 1137 indulgere
484 1066 594 1137 potuisset
608 1103 616 1126 ,
632 1085 686 1118 non
706 1083 787 1145 prept-

132 1129 199 1180 dita:
214 1147 360 1207 quamquam
372 1135 441 1184 illurn
452 1137 507 1183 vita
518 1132 651 1182 terminum
668 1136 786 1199 attigerint

133 1196 176 1257 qui
187 1196 236 1245 illas
251 1198 263 1248 i
276 1204 331 1247 Deo
343 1196 490 1261 praestitutus,
499 1200 525 1247 δι
537 1195 580 1261 qui
592 1209 640 1243 nec
655 1197 728 1245 unius
740 1209 785 1245 ino

133 1259 212 1306 menti
222 1259 360 1310 interusurio
369 1262 507 1333 prolongari
534 1255 603 1307 otest.
638 1263 730 1326 Longa
744 1253 786 1308 viti

132 1318 203 1383 digni
214 1337 264 1372 non
278 1322 344 1379 sunt,
355 1324 435 1385 quiin
447 1336 501 1371 vrtae
513 1275 558 1373 siaa
571 1322 708 1371 auctorem
719 1319 788 1371 insut-

134 1385 242 1447 gunt,&
254 1386 280 1433 in
292 1385 452 1435 conditorem
463 1385 540 1435 calces
548 1384 698 1447 iaciunt.8ed
706 1385 790 1434 tuhot-

132 1445 211 1494 tulani
223 1461 263 1497 aut
273 1449 323 1511 jam
336 1458 388 1497 orta
402 1460 442 1498 aut
455 1450 480 1497 in
492 1462 545 1498 ortu
550 1447 646 1497 zizania
652 1446 790 1513 exstirpant.

133 1507 160 1558 ὃ(
173 1510 290 1620 puidquid
300 1514 407 1578 veprium
418 1511 451 1561 est
464 1515 489 1563 δι
500 1510 665 1563 tribulorum:
679 1512 715 1560 ita
729 1516 794 1562 Deua

135 1586 176 1620 ma
188 1588 215 1623 oa
224 1577 283 1641 sape
294 1591 410 1642 tanquam
422 1577 518 1625 inutiles
532 1577 557 1623 δι
569 1575 660 1623 noxias
675 1575 772 1637 plantas
785 1609 793 1632 ,

134 1636 188 1684 imo
200 1637 325 1705 plerosque
336 1639 395 1689 nihil
409 1640 456 1686 tale
470 1641 619 1703 cogitantes,
633 1635 701 1701 quast
713 1639 792 1702 inopi·

134 1711 209 1757 nato,
221 1705 246 1753 δι
258 1704 320 1751 clam
335 1701 441 1758 invadit,
452 1713 478 1748 ut
491 1701 624 1749 notavitam
631 1699 710 1747 modo
716 1698 757 1750 sed
768 1704 793 1751 δι

132 1760 186 1825 spes
198 1779 281 1814 eorum
293 1769 318 1815 &
329 1765 446 1815 insaniam
456 1777 581 1819 votorum,
590 1764 617 1811 in
629 1761 716 1812 medio
728 1760 793 1829 quast

134 1824 201 1874 cursu
212 1829 343 1892 abrumpat.

166 1891 309 1954 Exemplum
324 1896 400 1958 Hislgia
412 1896 470 1955 lieris
483 1890 548 1956 quod
568 1888 689 1938 adducunt
711 1891 790 1951 maio·

135 1966 187 1999 tem
199 1953 291 2001 videtur
305 1954 390 2005 habere
402 1955 531 2020 scrupulum
540 1955 590 2011 ,eui
603 1953 793 2016 {Deopetl'ro

134 2014 233 2077 phetam
249 2018 336 2066 inditia
346 2019 391 2068 suit
403 2035 482 2075 mors,
499 2021 523 2066 δι
536 2031 588 2064 non
601 2018 636 2064 ita
646 2021 729 2065 multo
742 2014 792 2080 poti

135 2075 229 2127 additia
239 2082 292 2128 vita:
305 2081 334 2129 ad
349 2096 425 2130 annos
439 2099 475 2139 ις.
492 2079 656 2143 prolongatio.
679 2079 725 2127 Sed
740 2078 787 2191 pua

135 2148 186 2188 non
199 2143 263 2191 videt
274 2144 481 2193 denuntiationem
500 2143 567 2191 illam
581 2140 726 2204 Propheta,
751 2157 780 2190 en

132 2206 235 2254 tentiam
251 2209 296 2255 Dei
306 2211 428 2257 continere
440 2206 631 2255 nondecretum:
642 2206 777 2253 sententiat

135 2280 193 2315 teto
206 2270 271 2318 snam
282 2277 344 2320 Deus
368 2285 541 2334 nonnunquam
555 2279 647 2322 mutat,
667 2266 772 2316 decretur

135 2347 276 2396 nunquam:
294 2334 373 2383 adhaec
390 2334 539 2397 prophetiam
557 2327 604 2378 ess'e
617 2330 763 2378 comminati

136 2396 243 2452 nis,non
256 2397 466 2460 praedestinationis
477 2392 682 2458 autpraescientiae,
690 2407 762 2443 nona

136 2458 259 2515 solutam,
278 2459 316 2509 sed
341 2460 549 2512 conditionalem,
565 2454 672 2504 absolute
689 2455 757 2518 quida

135 2521 342 2586 propositam,sed
350 2523 544 2572 conditionaliter
553 2517 748 2583 intelligendam.

137 2587 206 2634 illam
220 2586 250 2634 ad
264 2588 384 2639 Ninivitas
396 2584 491 2634 excidio
509 2583 626 2652 petitutoa
638 2615 645 2635 ‚
667 2580 713 2629 nist
732 2596 747 2629 n

128 2648 245 2721 puill'ent.
262 2652 299 2704 stc
311 2653 455 2704 monturutn
461 2653 570 2713 negem,
584 2646 628 2694 nrlt
638 2641 700 2695 serta
710 2659 742 2709 po

728 2718 737 2747 l
