1612 3008
239 118 437 170 carrio
467 120 566 168 xxiv.
671 136 718 184 227

62 237 102 283 Ne
111 242 137 282 te
146 227 267 279 transaltae
277 227 371 290 capiant
381 223 446 272 mala
457 222 527 271 radia
539 222 599 271 vitat.

61 297 194 358 Explorant
207 288 309 355 Augusta
320 290 397 344 vitos,
413 301 500 356 perque
516 281 596 396 aspera
613 281 674 334 duro

62 361 155 409 Nititur
167 355 197 404 ad
210 353 306 402 laudem
319 353 398 400 Virtus
408 351 515 397 interrita
532 349 610 402 civo,

60 423 158 472 Divitiis
170 417 209 466 ani
290 412 351 468 suis,
366 414 518 473 immotaque
532 411 623 459 curastis

60 483 159 535 Casibus
171 496 206 537 cx·
301 476 387 526 ortalia
398 473 495 539 despicit
509 488 569 522 arce.

59 548 195 598 Inveniesv
292 541 354 596 am,
370 538 483 601 coeloque
499 535 578 585 beabit
691 588 694 593 ,

60 618 132 662 Mens
144 608 194 658 invi
287 604 331 652 lis:
347 614 428 650 manet
441 602 486 650 lior
498 600 605 663 praeclara
621 595 716 649 labores

61 675 160 730 Gloria,
174 665 326 718 circumfusus
336 665 428 720 honos,
442 663 556 727 bustoque
572 661 684 727 superstes

59 743 160 789 Nomen
168 770 174 792 ‚
182 735 207 782 δι
220 744 333 780 neruum
340 731 413 777 virtus
423 725 580 776 memoranda
585 742 626 791 per
632 740 715 783 aurun,

60 802 190 868 Dignaque
200 793 288 844 siderea
303 790 356 858 post
367 790 417 840 fata
430 793 455 839 in
467 788 519 855 sede
536 790 618 839 locati.

116 878 435 1010 oriauro
483 911 668 1001 xxtv.

191 1043 252 1112 DE
295 1041 574 1120 CALUMNJA,
640 1072 643 1077 ·

192 1146 194 1151 .
221 1173 295 1220 Habita
307 1173 396 1219 methodo
407 1170 517 1233 Lipfiane,
531 1169 556 1216 ab

59 1265 713 1322 ARNOLDOLIPPIO.

59 1348 218 1434 Diogenem
230 1352 296 1413 aium
307 1354 428 1417 Cynicum
439 1353 521 1409 illum,
536 1352 658 1401 lucernam
671 1352 715 1401 ali-

103 1412 200 1476 quando
215 1414 240 1462 in
255 1414 305 1478 ipso
322 1416 422 1466 meridie
438 1413 561 1465 accensam
582 1415 713 1464 circumtu-

57 1471 123 1530 lisse,
143 1477 360 1544 interrogatumque
375 1485 474 1542 quidnam
493 1492 569 1541 ageret,
581 1476 715 1542 respondis-

58 1536 100 1592 se,
123 1539 241 1586 Homines
254 1537 302 1587 sese
322 1555 443 1605 quarere,
464 1555 490 1590 ut
506 1539 658 1597 ostenderet,
680 1543 715 1590 ita

57 1611 181 1661 corruptos
192 1600 237 1649 effe
254 1601 381 1652 hominum
401 1620 498 1661 mores,
511 1617 536 1653 ut
555 1604 594 1651 vix
608 1604 714 1653 humana

56 1662 138 1711 forma
149 1662 217 1728 digni
229 1660 274 1713 esse
293 1665 433 1716 viderentur.
466 1670 499 1716 At
515 1682 578 1715 nunc
592 1664 610 1714 sr
624 1668 714 1717 viveret

56 1731 167 1787 Diogenes,
182 1728 312 1786 &fareisaie
330 1728 419 1790 nostrum
433 1729 479 1790 fiere
498 1733 574 1778 dilatat
588 1733 611 1777 r'n
627 1747 713 1786 avum,

58 1802 132 1852 quam
142 1788 233 1838 defixus
246 1789 355 1847 haereret,
388 1789 444 1840 uam
455 1790 523 1841 llaret
535 1792 650 1841 attonitus
659 1807 715 1844 ‚nec

56 1867 130 1900 unam
142 1853 213 1903 credo
225 1855 360 1911 lucernam,
370 1805 415 1904 sed
430 1856 508 1919 plures
521 1853 673 1912 accenderet,
688 1870 714 1904 a·

54 1913 147 1980 liosque
162 1916 206 1966 sibi
219 1915 355 1983 adiungeret
372 1919 510 1982 λυχνοφόρκς
523 1918 564 1982 qui
579 1932 676 1981 operam
689 1919 714 1969 ei

56 1978 140 2028 darent
156 1981 181 2029 in
221 1979 355 2038 uerendis,
376 1977 571 2045 inueniendisque
593 1982 623 2030 iis
637 1979 711 2031 hodie

56 2044 98 2106 qui
114 1994 228 2093 alicuid)
246 2045 316 2093 omui
334 2042 506 2109 sycophantia,
521 2046 547 2094 δι
565 2041 714 2094 obueuandi

54 2105 187 2170 prurigine,
202 2108 331 2157 Veritatem
337 2119 434 2163 amam,
449 2103 627 2173 oppressamque
642 2104 713 2170 d‘pe-

54 2169 141 2217 rulanti
153 2169 328 2219 malevolorum
341 2170 465 2219 dicacitate
484 2168 618 2219 constanter
630 2169 712 2218 vindi-

54 2242 115 2279 cant.
132 2235 196 2279 Rara
210 2246 251 2281 me
267 2231 362 2282 hercule
377 2235 468 2292 virtue,
487 2229 529 2282 sed
542 2231 642 2281 rariores
655 2233 713 2281 lon-

54 2290 86 2357 ge
108 2293 126 2340 ii
147 2294 189 2358 qui
203 2308 258 2342 eam
274 2297 377 2353 colunt,
396 2305 509 2352 tuentur,
534 2291 642 2344 asserunt.
673 2301 712 2345 lta

54 2356 95 2405 alii
112 2357 138 2406 in
154 2358 215 2406 alios
235 2358 394 2408 convitiorum
411 2355 477 2422 quali
498 2358 618 2424 quadrigis
634 2360 712 2409 incut-

53 2433 131 2476 runt,
154 2422 180 2469 &
205 2432 319 2483 tanquam
339 2419 356 2470 fi
378 2419 407 2471 ab
424 2421 509 2471 inferis
524 2423 607 2472 laxatae
621 2420 686 2470 fruiae
702 2459 711 2482 ,

53 2479 185 2547 junctisque
204 2485 346 2548 agminatim
360 2484 470 2543 viribus,
486 2488 512 2535 δι
528 2487 605 2547 jurato
618 2485 643 2533 in
658 2500 712 2550 pet-

54 2550 143 2597 niciem
158 2545 266 2603 foedere,
284 2545 377 2606 crebro,
391 2563 419 2597 ac
441 2550 579 2614 importuno
601 2549 712 2606 laniatu,

53 2610 132 2664 bonos
147 2607 244 2679 quosvis
258 2609 322 2663 haud
341 2611 421 2729 1ἰὶτεὶ
424 2626 528 2728 ,aquam
548 2615 641 2665 eruam
663 2610 719 2722 dg·x
