1612 3008
255 39 314 56 vn
329 39 351 56 n
371 39 381 55 Δ
401 39 411 58 Ι
429 39 450 55 ν
483 39 556 55 nun

69 107 185 175 quicquid
200 109 228 159 in
246 125 277 160 eo
295 112 443 169 continetur,
458 122 524 175 putat
546 123 577 157 err
596 110 724 157 temerario

69 174 177 237 quodam
206 173 418 224 minutill‘rmorum
452 188 579 233 corporum
612 173 725 222 concursu

68 233 193 292 mamille,
209 235 319 300 quisrvel
337 252 410 286 unam
426 250 522 292 earum,
543 249 602 300 quus
619 233 723 283 somnin-

69 296 128 358 but,
146 311 259 348 atomum
277 297 366 348 cerebri
384 294 519 355 habuisset,
541 311 663 361 nunquam
682 298 724 349 illa

27 378 30 393 ·
68 372 118 411 tam
128 358 561 428 liulte,incogitanrerquescriplill‘er.
578 362 644 410 Alius
658 374 724 409 trer-

69 438 125 473 uum
137 420 185 473 effe
199 438 270 481 eum,
286 440 363 491 neque
373 424 501 475 defiturum
512 438 632 486 unquam,
647 440 725 487 neque

68 487 196 537 exordium
209 487 337 537 ducentem
350 486 380 537 ab
390 491 442 538 ullo
461 490 577 551 temporie
596 488 724 550 principio;

34 564 37 569 ·
68 564 118 599 uon
131 548 327 599 animadvertens
340 551 384 599 hac
397 553 489 600 rarione
502 552 587 607 illam,
602 556 669 613 'aqua
677 549 723 611 ipsc

66 622 195 677 tantopere
208 611 365 670 abhorrebat,
379 613 522 663 infinitatem
533 613 623 663 induci.
657 615 725 662 Alius

67 672 98 723 de
112 678 201 725 animo
214 675 321 725 humano
333 678 450 742 loquens,
464 691 518 725 eum
532 691 573 726 cor
585 676 661 739 ipsum
677 674 723 723 elle

66 736 142 794 dicit,
154 740 215 789 aliur
233 738 367 797 cerebrum,
384 741 443 789 alius
461 740 526 787 cordi
545 736 654 788 suffusum
672 736 725 785 fim-

14 814 17 859 ζ
99 803 182 859 nem,
199 798 724 867 aliusspirituminnatantcmsangnini,nlius

14 870 16 875 '
84 878 97 913 a
137 864 364 929 oniumquandam‚
380 866 440 914 alius
460 864 586 913 humerum
605 864 650 912 l'cl'e
669 880 723 911 mo-

65 938 180 983 tentem,
194 937 221 975 ut
233 927 296 975 mihi
307 926 349 975 istu
361 926 520 976 consideranti
537 939 657 974 certamen
677 928 722 973 ali-

66 988 135 1055 quod
147 987 242 1039 insaniae
254 987 373 1053 suscepiss'e
385 990 514 1037 videantur.
530 995 566 1037 lta
578 1005 607 1037 crt
619 989 722 1037 lrocrrtm

65 1048 192 1109 eonftrso,
214 1064 265 1101 tam
284 1054 410 1117 multiplici
433 1054 605 1100 teterrimarum
628 1053 724 1115 opinio·

66 1130 129 1165 urm
141 1115 217 1163 veluti
227 1116 313 1171 cinno,
329 1117 389 1165 nihil
402 1115 451 1164 fere
463 1117 577 1179 colligere
590 1114 725 1179 possumus,

20 1222 24 1230 .
65 1176 111 1229 uili
124 1176 218 1243 semper
234 1179 378 1228 uberrimam
395 1175 493 1227 meli'em
512 1179 639 1226 hominum
660 1179 724 1227 varie

65 1238 221 1291 delirantium
232 1238 378 1305 fuisse.Qtid
391 1244 505 1305 Epicurus?
519 1242 614 1289 interire
628 1242 723 1288 animos

111 1314 157 1361 at,
181 1301 249 1352 nesus
265 1318 349 1362 ratus,
370 1319 424 1354 cum
442 1318 493 1354 ram
516 1305 591 1353 multa
611 1303 653 1352 libi
668 1318 722 1351 cum

75 1364 147 1417 uibus
158 1367 329 1425 convenirent,
346 1365 369 1415 sc
381 1367 427 1415 hoc
440 1383 489 1416 uno
509 1364 538 1415 ab
560 1369 589 1415 iis
606 1364 721 1415 intercise.

64 1432 132 1479 durii
144 1428 244 1494 longam
256 1432 290 1479 eis
306 1434 396 1487 vitam,
411 1442 436 1478 ut
455 1427 600 1486 cornicibus,
614 1427 653 1477 scd
673 1443 722 1477 non

65 1502 207 1557 perpetuam
226 1490 340 1544 tribuunt.
368 1498 491 1555 l’yrlngmr
508 1507 580 1549 vero,
602 1506 724 1539 remancre

64 1556 168 1621 quidem
181 1555 239 1603 illos
250 1556 336 1612 docer3
351 1552 391 1603 sed
404 1552 578 1617 tricorporibus
591 1555 723 1602 inaliami-

65 1631 137 1683 grate
150 1631 262 1680 corpora,
279 1630 318 1666 aut
330 1615 430 1666 idcmsrt
443 1616 504 1665 forte
513 1616 724 1681 lrodicgnllusgal·

64 1683 190 1737 linaceur,
203 1682 245 1743 qui
257 1696 366 1745 tempore
376 1678 435 1727 belli
446 1679 545 1739 Troiani
565 1678 641 1727 fuerat
660 1688 725 1740 «Αμ-

64 1761 177 1801 mnan
193 1746 217 1791 ὅ(
226 1758 287 1791 nunc
302 1758 397 1808 porcus,
414 1744 455 1807 qui
468 1743 529 1793 olim
543 1748 649 1805 Epicurei.
664 1747 722 1804 ere

64 1822 124 1857 cum
137 1807 170 1854 ita
181 1803 204 1854 se
215 1806 330 1861 habeant,
345 1807 412 1870 quis,
427 1804 512 1854 lilerio
525 1806 573 1854 lraec
579 1804 607 1852 ad
615 1806 723 1853 animum

65 1881 180 1925 revocet,
195 1884 244 1917 nou
260 1871 339 1925 vider,
354 1865 548 1925 uihiliniiselle,
563 1868 629 1931 quod
642 1880 724 1917 ranto-

64 1948 124 1999 pere
138 1932 176 1981 vel
195 1934 309 1981 tenuioris
327 1933 442 1987 fortune,
457 1936 483 1981 δι
496 1947 509 1981 e
520 1934 592 1980 trivio
610 1931 724 1979 homines

64 1994 175 2047 discendi
186 1995 284 2059 cupidos
296 2007 407 2048 movent,
423 1994 512 2042 nedum
519 1998 610 2049 Nobiles,
626 2006 652 2041 ur
666 2008 723 2057 ope·

65 2074 122 2111 rum
135 2057 201 2106 suam
214 2062 239 2107 in
253 2061 281 2107 iis
293 2053 435 2123 capellendis
454 2057 589 2111 collocent,
604 2068 655 2118 quc
674 2058 723 2112 iam

66 2122 163 2189 pridem
176 2121 238 2185 apud
257 2136 336 2185 :equos
354 2134 432 2167 rerum
450 2118 601 2167 estimatores
618 2119 644 2166 in
662 2133 725 2165 con-

65 2197 189 2249 temptum
200 2188 300 2232 venerei

101 2248 146 2296 Sed
158 2260 183 2294 ut
196 2263 256 2303 vos,
272 2245 411 2303 nudiores,
427 2246 451 2294 in
464 2260 514 2294 rem
521 2240 725 2309 prusentcmqua-

67 2308 85 2361 fi
99 2325 174 2359 manu
187 2310 320 2367 deducam,
335 2311 461 2358 intuemini
481 2307 573 2373 queso,
589 2312 614 2357 δι
628 2322 723 2356 mecum

130 2372 725 2437 ndite,egregialitterarum,quartantopcrenon-

65 2390 101 2488 {dr
113 2438 130 2486 li
144 2436 303 2491 admirantur,
318 2432 408 2485 effecta.
424 2437 588 2500 Qridlnonne
601 2434 658 2483 telle
671 2449 724 2482 ma·

67 2516 121 2567 gno
133 2500 178 2550 illo
198 2498 297 2549 dostote
315 2501 424 2612 gerppiuzm
441 2506 520 2553 Paulo,
531 2501 615 2561 seleutia
632 2500 725 2611 influrEi
