1612 3008
278 240 478 292 ORATIO
509 241 552 288 LI.
673 256 719 299 443

68 342 138 393 altius
158 341 266 395 &velut
289 339 318 391 ab
331 339 386 407 ipsis
401 339 500 404 originis
520 337 564 389 sue
587 334 723 402 primordiis

68 408 241 472 contemplari:
257 410 330 455 certe
346 416 413 454 tanta
432 403 465 452 esi
482 404 531 463 eius
550 399 679 467 prestantia
696 415 722 451 ut

66 468 254 582 ¹quotiescunque
267 469 293 516 in
304 467 366 517 hanc
379 466 553 534 cogitationem
572 477 662 512 veteres
679 461 722 512 dc·

77 530 472 589 tenderunt,hominemadmirari
484 528 538 577 satis
546 564 553 585 ,
561 542 604 575 uec
612 541 656 591 pto
669 540 722 575 mc·

67 597 120 644 ritis
137 598 186 657 ejus
202 595 317 643 extollere
329 605 464 658 potuerunt.
495 596 517 640 Α
536 587 678 655 sapientibus
696 605 722 638 e-

67 660 119 706 nim
131 659 296 723 AEgyptiorum
310 663 396 704 Animo
412 657 556 704 admirandum
575 653 721 717 appellatum

66 719 135 769 fuisl'e
146 720 282 777 ,memoria
293 718 415 784 proditum
427 718 443 768 a
454 720 557 767 Mercurio
568 716 613 765 illo
629 718 721 776 Trisan-

64 785 132 845 gisto,
147 791 229 832 Nature
242 786 366 832 miraculum
379 780 394 830 a
406 785 458 840 Pyro
482 798 532 837 ora,
547 782 628 843 μέτρον
646 779 722 827 dorso·

67 864 126 901 roo,
143 842 157 893 l
179 850 262 894 Platone
278 845 383 909 principe
400 843 468 892 rhilo
480 842 598 908 ophortnu
616 841 721 902 ,dedus

66 908 204 967 &eundern
214 906 228 957 a
240 912 382 971 Theophrasto,
396 921 516 968 proximum
530 905 544 953 ὰ
558 913 601 953 Deo
621 908 701 951 animal
714 940 722 963 ,

66 972 80 1018 a
96 974 195 1028 cicerone,
209 974 305 1020 divinum
320 1005 326 1027 ,
342 969 355 1018 a
373 973 451 1026 l'lrnr'o,
469 972 545 1017 Mundi
558 983 652 1030 epitomen
667 1002 674 1023 ,
689 965 720 1016 ab

66 1033 201 1092 omnibus,
224 1034 396 1095 proportionem,
419 1034 444 1081 δι
463 1033 599 1093 compendium
620 1032 721 1090 nnioerfi,

66 1097 130 1208 odnid
142 1111 199 1163 ergo
211 1096 309 1145 tandem
321 1094 403 1143 decere
414 1091 720 1156 minushominempotest,

65 1174 77 1207 a
108 1159 251 1208 modestiam
264 1169 346 1207 natum
357 1159 383 1206 δι
395 1157 553 1206 verecundam
564 1169 720 1221 montmgrr·

65 1223 180 1278 vitatem,
194 1235 268 1295 quam
280 1218 411 1269 saltationis
424 1219 546 1269 studium!
562 1217 627 1283 quod
638 1219 721 1269 omnis

63 1286 167 1333 levitatis
175 1319 182 1341 ,
190 1285 291 1334 licentiat
305 1286 330 1333 dt
341 1280 439 1333 lasciviat
446 1292 612 1349 argumentum
619 1279 719 1346 prebet,

65 1348 91 1395 &
105 1348 180 1396 latam
198 1348 382 1412 intemperantiae
397 1349 422 1396 dt
436 1345 531 1395 luuuriae
548 1342 676 1394 fenestram
694 1360 721 1393 a·

63 1411 124 1473 perit
141 1411 234 1460 incaute
245 1410 370 1471 iuventuti.
405 1415 514 1460 Ciceronem
526 1405 604 1474 queso
623 1406 718 1467 audite,

61 1486 177 1539 magnum
192 1474 262 1523 illum
275 1489 326 1531 non
343 1472 436 1522 dicendi
456 1471 546 1531 solum,
564 1469 604 1522 sed
623 1471 718 1521 vivendi

63 1536 213 1602 magistrum:
230 1545 305 1592 altono,
319 1537 412 1600 inquit,
424 1539 488 1597 fiilios
502 1538 598 1597 sobrios,
613 1536 652 1589 nis
662 1537 719 1595 fone

62 1601 152 1660 insanit,
168 1617 191 1646 ne
207 1617 228 1647 ee
240 1603 261 1646 in
272 1600 394 1659 solitudine,
410 1615 471 1659 neque
482 1603 503 1646 in
521 1601 614 1646 convivio
624 1601 718 1646 modera-

63 1675 83 1708 to
98 1680 120 1709 oo
134 1615 215 1720 noneff.
248 1665 278 1708 Et
292 1659 346 1708 sane
358 1661 397 1709 vir
410 1661 530 1708 matutino
548 1672 655 1722 tempore
674 1657 718 1707 sal-

63 1734 125 1770 tatur
138 1734 244 1770 nutante
258 1721 393 1786 prandium.
409 1721 480 1771 Unde
499 1722 571 1769 etiam
584 1721 668 1775 Bnsslius
681 1719 716 1769 se·

63 1785 109 1832 culi
126 1782 160 1833 sui
177 1783 275 1833 choreas
293 1783 449 1850 perstringens
464 1819 471 1841 ,
485 1785 566 1833 rurum
585 1779 717 1833 saltationis

62 1859 169 1895 autorem
185 1844 230 1895 esse
243 1845 320 1895 dicere
339 1862 388 1895 non
407 1846 531 1896 dubitavit.
564 1844 640 1893 Causa
657 1861 716 1922 ergo

57 1907 230 1959 saltationis&
244 1908 339 1973 tripudii
351 1921 390 1957 aut
402 1910 495 1974 crapula
506 1907 553 1964 est,
565 1920 604 1956 aut
616 1905 715 1960 infima.

63 1971 133 2021 Unde
147 1988 198 2020 non
209 1970 282 2020 libere
296 1973 373 2037 magis
385 1984 458 2035 quam
476 1973 577 2039 graviter
596 1972 717 2022 Demades

61 2036 121 2084 olim
134 2050 189 2083 tum
202 2034 335 2099 Philippum
348 2034 649 2099 Macedonem,pattntem
663 2051 716 2084 ma·

96 2100 103 2147 i
122 2099 185 2147 illius
203 2096 356 2155 Alexandri,
376 2098 463 2163 largius
478 2095 581 2146 fortassis
599 2094 715 2161 aspersum

61 2112 121 2209 {gre
126 2158 204 2212 Liberi
210 2161 283 2210 Patris
291 2158 430 2217 ,saltantem
436 2159 527 2209 videret
538 2174 592 2208 trun
604 2174 715 2233 purpura-

60 2224 92 2271 tis
105 2221 149 2272 suis
157 2223 322 2279 ,iuhasvoces
329 2239 417 2289 magna
427 2220 574 2272 sermonis&
582 2224 656 2271 anima
661 2239 715 2288 par·

60 2283 118 2333 resia
131 2286 220 2351 erupit,
234 2291 299 2343 cum,
317 2287 400 2354 sarx,
410 2286 498 2348 fhniono
517 2289 552 2333 ribi
569 2303 638 2332 nomon
650 2294 715 2350 Ago·

60 2353 168 2395 memnonis
180 2351 312 2409 imposuerit,
327 2368 364 2397 non
375 2352 434 2412 podet
447 2363 466 2396 ae
481 2349 544 2409 fassis
565 2363 623 2406 agere
635 2350 714 2407 ramst-

59 2419 120 2458 nm?
136 2408 228 2460 Profe&
261 2409 392 2475 sitripudia
402 2410 508 2477 Regibus
520 2412 596 2474 turpia
610 2406 669 2467 lint,
686 2414 713 2461 δι

60 2487 186 2537 purpuram
200 2471 216 2520 d
277 2472 475 2539 ustent,quorum
486 2474 544 2522 vitia
563 2470 603 2522 sub
614 2472 713 2539 augttslo

59 2536 215 2599 scepticorum
225 2536 281 2583 velo
291 2532 392 2599 speciem
403 2537 503 2587 induunt
515 2536 643 2591 virtutum,
657 2537 713 2648 guis

60 2598 121 2648 adeo
134 2598 225 2646 Mentis
237 2599 263 2645 δι
275 2601 373 2648 rationis
385 2615 468 2665 expers
481 2635 488 2658 ,
522 2600 546 2649 ui
563 2614 615 2647 noo
631 2598 655 2646 vi
674 2611 712 2648 eat

60 2663 100 2710 illa
113 2663 120 2709 i
138 2657 198 2710 sain
211 2661 264 2708 aliis
277 2673 373 2725 quoque
382 2664 504 2726 vituperata
547 2656 592 2711 effe
605 2677 631 2709 ac
647 2661 714 2710 dete·

61 2677 163 2778 nanclaa
189 2722 304 2775 viderunt
319 2736 386 2775 cette
401 2726 510 2842 lurocfipre
525 2721 743 2832 aliis-celebra&
