1590 3036
338 36 478 83 probitatis,
494 43 521 67 uc
534 45 656 67 ιιιυιιιιιι.ι
668 50 691 66 n
709 51 723 65 u
749 53 764 67 v
777 55 790 66 ..

339 81 473 139 conferret,
482 98 533 147 qux
547 84 717 131 mnnimocum
730 79 790 129 dede

339 144 397 194 dine
410 146 536 203 conjuncta
554 144 627 201 sunt,
649 148 674 194 δι
689 159 740 209 qux
760 140 783 192 sa

339 208 430 257 cautius
441 208 554 275 fligiendn
570 204 615 257 effe
631 206 752 255 bonorum
769 222 786 255 ο

339 270 377 321 sus
397 272 469 321 docet
484 308 492 325 .
508 271 594 327 edicit,
610 272 719 335 impetat.

373 336 470 383 Etenim
483 346 508 383 ut
521 348 574 401 quae
589 334 645 383 dico
657 335 681 381 in
692 347 789 397 compe·

342 410 386 445 nec
401 396 551 463 longioribus
562 396 690 446 uerborum
702 398 794 461 ambng'

341 475 400 515 ten,
432 474 525 526 quanto
552 460 659 517 tudone,
690 471 782 523 quanto

342 534 435 586 quanto
447 536 535 573 conatu
548 522 661 587 Iuventus
674 522 793 571 hodierno

342 586 442 635 molitur
456 590 482 637 δι
501 586 602 651 tripudia
615 590 623 635 ἓ
637 591 717 651 Qum
730 584 793 633 auid<

342 660 442 712 quentnt
453 646 549 714 publica
564 650 594 699 ad
606 648 750 697 hnncanem
757 646 792 697 ini

344 716 443 775 Quanto
461 714 577 776 temporis
599 709 743 775 dispendio,
763 725 791 776 qt

344 774 456 823 horarum
468 776 553 835 justum
567 776 593 823 in
608 774 655 823 hoc
668 774 769 825 studium
780 776 790 823 i

343 848 369 883 tn
380 836 491 886 industria
502 840 527 887 &
540 852 594 886 cuta
606 837 644 886 hit
664 838 784 887 txetcitiit

328 896 417 963 *scivit
430 899 729 965 plenis,pedcs,btnchin,
742 914 789 949 mai

343 977 436 1026 quanto
455 964 558 1029 denique
571 979 623 1013 aete
643 965 691 1013 illis
705 962 789 1013 stant}

343 1028 435 1075 nimina
450 1026 456 1075 !
473 1033 528 1093 Quo
550 1026 576 1076 fit
593 1040 618 1074 ut
639 1041 714 1090 quum
726 1041 787 1075 exc:

343 1087 514 1152 turpitudinem
528 1106 578 1137 non
592 1088 740 1153 agnoscunt,
755 1086 787 1137 sut

344 1153 516 1213 amplcstuntur
528 1167 579 1215 quu
592 1152 650 1200 odio
658 1154 786 1201 vanniano

342 1210 401 1261 bant
415 1247 424 1269 ,
439 1216 465 1261 dt
479 1214 504 1261 in
518 1214 547 1261 iis
557 1212 600 1261 fibi
614 1216 722 1277 placeant
735 1230 786 1279 qut

343 1272 435 1339 possent
449 1274 490 1323 uili
502 1277 591 1324 mentis
603 1278 679 1325 aciem
688 1279 735 1326 illis
755 1292 784 1341 pe

343 1338 375 1386 tis
385 1340 479 1400 tyranni
491 1338 654 1388 inveteratam
667 1340 714 1388 hoc
727 1354 777 1389 κιο

342 1402 440 1448 cncitnti
452 1400 506 1451 huic
519 1398 637 1466 tantisque
651 1404 784 1451 animanun

342 1464 450 1527 aliquam
462 1460 543 1513 afferre
552 1462 731 1577 fftass‘nntique
743 1463 783 1515 hui

342 1540 368 1573 te
381 1528 406 1575 in
420 1529 527 1577 animum
538 1528 562 1575 in
581 1530 627 1577 uxi.
645 1527 694 1576 Etii
708 1527 781 1577 Audit

344 1588 370 1637 hi
382 1605 462 1639 autem
474 1607 516 1642 uro
529 1588 598 1640 solita
610 1589 683 1639 vestra
698 1590 782 1639 human
