1612 3008
155 225 356 274 ORATIO
386 226 544 273 xxxin*
623 239 667 284 ξος

14 315 161 394 eumseptum
172 321 300 433 Ιωιρεῐίιιω
312 318 409 382 adeptus
418 317 466 376 est,
479 322 505 369 δι
517 320 542 367 in
555 321 564 371 i
580 318 610 370 fis
620 327 668 371 lle·

15 380 561 510 naluitnanltlaatn
573 399 667 496 alili}

360 480 368 503 2

15 502 62 556 else
72 507 222 566 uidetentut,
235 522 382 572 quecunque
394 506 500 563 diceret,
515 520 555 557 aut
565 507 667 557 facetet:

14 569 107 620 Scilicet
120 572 146 619 in
158 574 222 634 cuius
234 571 283 632 jam
293 582 373 619 mente
384 601 393 627 ,
406 584 457 618 non
469 583 553 621 mento
562 569 667 621 elucebat

15 631 143 697 prudentia
156 636 292 692 matutitas,

49 702 115 743 «Ante
127 713 207 753 uanos,
221 700 361 759 animumque
367 712 459 759 gerens,
472 711 589 761 curamque

118 761 217 809 virilem.

16 823 47 869 Et
60 830 85 867 ut
105 818 130 867 in
141 818 291 871 hetbescente
307 817 384 869 adhuc
399 817 497 885 segete,
516 832 578 871 eerta
594 832 670 883 prope

15 879 67 944 spes
79 881 160 931 fututae
173 882 251 932 melfis
265 885 408 946 apparet,&
420 885 494 933 totiut
505 883 599 947 reliqua
611 884 665 930 vitae

14 940 159 1007 exspeliatio
170 944 200 994 ab
212 946 352 995 educatione
362 946 466 1009 puetitiae
471 943 558 1009 pendet
567 946 613 993 :ita
626 960 668 992 ne-

15 1021 59 1057 mo
71 1020 127 1056 tunc
140 1021 189 1057 exat
202 1010 244 1072 qui
255 1023 306 1056 non
316 1005 345 1056 ab
350 1009 446 1057 ineunte
455 1010 480 1058 δι
487 1004 590 1072 primuli
601 1018 671 1056 atate

15 1069 89 1119 talem
111 1069 204 1134 (qualis
218 1068 298 1132 postea
311 1066 371 1133 fuit)
391 1069 497 1119 futurum
511 1081 669 1133 augutatetut.

16 1134 64 1193 Qu
76 1130 94 1180 fi
106 1132 174 1180 nullo
186 1147 270 1205 genere
280 1130 374 1180 illusttis
385 1129 522 1188 suilset,sua
533 1133 668 1180 tameuvit-

14 1206 74 1250 tute,
84 1196 109 1243 ἃ
123 1194 198 1241 animi
209 1191 388 1259 genetofitatel
401 1207 482 1244 natura
496 1191 538 1241 fibi
546 1190 668 1252 infitu,ad

15 1271 72 1305 eum
84 1256 219 1320 dignitatis,
235 1258 260 1304 δι
274 1254 416 1306 cellitudinis
429 1255 528 1322 gradum
539 1252 670 1305 affurtexis-

13 1317 145 1382 set,quem
159 1318 266 1367 conditio
278 1320 416 1369 monalium
430 1320 470 1368 vix
484 1334 510 1367 ac
521 1333 552 1365 ne
566 1317 605 1366 vix
616 1320 668 1369 ani·

16 1397 60 1430 mo
70 1396 97 1429 ac
109 1381 171 1431 votis
184 1383 309 1447 complesti
321 1380 411 1446 potest3
425 1377 574 1431 illustriffima
588 1393 669 1431 autem

15 1441 237 1508 &splendidissima
249 1445 343 1494 familia
356 1446 462 1494 natusita
475 1440 497 1492 se
509 1442 576 1509 gellit
584 1457 609 1492 ut
617 1460 668 1493 non

15 1507 95 1580 minus
107 1504 155 1570 ipse
166 1507 224 1557 lucis
236 1523 263 1557 ae
275 1507 399 1582 dignitatis
409 1504 537 1568 maioribus
548 1504 593 1557 suia
605 1519 668 1557 attu-

12 1565 74 1627 lille,
97 1584 152 1617 uam
159 1567 345 1634 abeisacceptlle
352 1568 463 1618 videatur.
479 1567 561 1619 l'uete
575 1574 669 1619 Germe·

14 1636 54 1679 nia
67 1584 97 1679 aa
109 1630 264 1680 Academiam
278 1638 313 1680 Lu
329 1632 518 1682 duno-Batauam
531 1633 671 1682 aultotitate

14 1694 91 1758 patria
103 1691 229 1742 fundatam
240 1692 273 1743 est
286 1648 454 1758 abfegatusnn'
464 1707 511 1756 qua
518 1706 669 1758 praeceptores

15 1756 129 1819 aliquot,
150 1756 258 1819 inptimia
273 1768 354 1805 autem
364 1757 440 1804 vitum
452 1753 624 1807 nobililsimum
637 1761 668 1805 ll.

15 1816 221 1867 Wittenhorstium
234 1817 370 1883 praefectum
381 1818 476 1881 pruni),
491 1833 549 1868 mox
562 1820 588 1867 &
599 1814 669 1866 sena-

15 1891 96 1929 torem
109 1879 197 1932 habuit.
215 1886 251 1930 Ex
263 1879 374 1930 omnibus
386 1881 487 1932 scientiis
499 1879 632 1939 Mathesm,
642 1895 669 1929 ac

16 1945 195 1996 Geometriam.
203 1941 245 1992 libi
256 1943 385 1993 familiares
396 1942 497 1993 teddidit
505 1978 512 2001 ,
519 1947 544 1994 δι
551 1946 577 1993 in
588 1944 616 1991 iis
630 1943 667 1993 di·

14 2000 236 2063 scendis,colendis
246 2040 253 2063 ,
265 2005 402 2056 euoluendis
414 2021 467 2056 non
477 2021 559 2070 patum
571 2003 669 2057 desuda·

14 2069 51 2117 uit
59 2069 97 2125 ,in
110 2067 667 2135 Geographicis‚Methanieit,Poliotceticis,&

14 2130 208 2182 Architettomca
223 2146 267 2195 ptae
287 2132 340 2182 aliis
355 2131 453 2181 eminuit
469 2166 477 2189 ,
496 2132 560 2182 haud
575 2133 670 2197 ignatus

14 2205 90 2266 quam
109 2210 159 2242 nou
175 2194 239 2244 utilis
253 2194 329 2244 modo
343 2192 426 2243 hatum
439 2192 614 2261 disciplinatum
628 2209 670 2243 co·

15 2257 95 2318 gnitio
107 2254 135 2305 lit
147 2257 260 2322 Principi,
274 2254 314 2306 sed
326 2260 351 2306 δι
363 2251 538 2314 necessarum
548 2254 620 2306 callia
631 2256 668 2305 lo-

15 2316 104 2372 canda,
117 2319 205 2382 oppida
211 2319 352 2375 munienda,
364 2319 538 2394 ptopugnacula
547 2318 671 2376 struenda,

15 2390 138 2429 tormenta
149 2381 280 2454 dirigenda.
295 2385 331 2431 Ex
343 2379 464 2446 Histotictt
475 2380 564 2447 delegit
575 2379 617 2430 fibi
625 2385 668 2429 Ta·
760 2420 762 2425 .

14 2444 98 2498 citum,
112 2455 185 2505 quem
196 2460 222 2493 m
234 2442 325 2493 deliciis
336 2442 431 2500 habuit,
443 2446 469 2495 δι
480 2457 596 2510 tanquam
605 2440 671 2492 sum·

17 2517 86 2557 mum
98 2505 171 2555 ciuilia
182 2504 310 2570 prudentia
320 2504 461 2572 Magiſtrum
470 2504 573 2556 lustravit
587 2541 595 2565 ,
616 2509 669 2556 vol-

15 2565 65 2621 vit,
79 2567 152 2617 trivit.
175 2573 228 2619 line
242 2568 308 2617 enim
320 2569 435 2633 Scriptote
453 2567 544 2619 ullusne
561 2582 670 2632 unquam

15 2629 87 2703 altius
99 2630 123 2678 in
137 2627 218 2681 abdita
229 2630 362 2704 Ptincipum
372 2628 627 2703 eonfiliapenettavit,
642 2634 667 2682 δι

15 2704 102 2747 tauma
114 2707 200 2749 cotum
212 2698 305 2763 Arcana
314 2691 406 2747 felicius
417 2690 529 2752 setutatus
539 2692 586 2745 est?
633 2758 653 2801 ὃ
665 2751 689 2803 ὲ

651 2767 667 2798 e
