1612 3008
260 482 460 531 ORATIO
491 482 548 530 Lv.
671 494 718 541 477

61 571 138 642 quim
144 576 318 643 parnmdecent
329 576 461 651 Ptineipem
468 574 583 640 acquiratis
588 588 718 634 amantem,

64 641 140 753 &lstcni
151 653 199 689 orna
210 654 279 697 cura,
295 653 342 689 una
354 637 492 690 sorncindo
506 636 540 687 cst
559 636 720 688 administrare

78 720 86 751 r
113 702 181 752 itiam
194 706 202 751 i

62 702 77 767 J
97 766 165 815 Plura
175 764 295 821 dicerem,
311 763 455 822 Auditores,
466 760 485 813 li
497 762 558 813 milri
574 778 618 838 per
635 777 721 814 omncs

64 828 195 879 hominum
208 827 303 877 ordines
315 825 372 879 effer
383 826 530 894 exspatiandi
541 842 642 876 animus.
676 826 721 876 sed

64 903 156 941 utrem
168 892 248 955 paucis
260 892 406 955 complectar
418 925 428 949 ,
441 896 521 955 Qrarn
537 890 612 939 aliam
627 889 722 938 creditis

66 950 112 1003 else
126 952 241 1012 caulsanr,
253 969 293 1002 cur
304 954 377 1003 multi
387 966 457 1003 tanto
487 968 513 1003 re
523 950 607 1003 curioli
618 949 677 1008 sint,
691 966 722 999 ne

65 1016 145 1065 dicam
157 1016 357 1079 consepelimur:
371 1021 433 1067 Non
445 968 492 1067 affl
503 1030 578 1081 quam
589 1013 656 1081 quod
667 1029 721 1063 mo-

66 1081 113 1131 niti
124 1080 187 1130 illins
199 1082 277 1130 Poitae
289 1094 374 1146 parurn
386 1094 507 1131 memoret
517 1076 584 1136 lirnt,

101 1148 160 1192 (rede
172 1148 223 1193 mibi
233 1146 412 1207 reacquitari,
425 1146 469 1193 bene
479 1145 552 1193 vixit:
565 1144 592 1195 ό·
603 1144 659 1191 intra

133 1211 244 1255 Fortunam
254 1209 308 1255 deber
319 1208 404 1269 quisqu
414 1222 495 1255 me
507 1206 579 1266 fitam.

93 1270 148 1333 ‚Qri
160 1268 233 1334 probe
245 1263 268 1316 sc
282 1269 352 1317 novit
370 1273 452 1318 Lamias
463 1282 514 1317 non
526 1264 665 1322 imitabitur,
684 1281 725 1317 uas

68 1331 139 1381 domi
151 1348 223 1381 caecas
235 1327 280 1379 else
291 1329 411 1380 fabulatur
430 1335 567 1395 ,lntiqaitm
580 1332 614 1378 ita
625 1279 724 1393 quidem

69 1407 96 1443 ut
108 1396 192 1444 oculos
202 1393 255 1443 suos
269 1393 345 1442 fronti
357 1406 483 1457 exemptos
495 1394 521 1441 in
532 1393 609 1441 arcula
620 1393 724 1456 quadam

70 1457 215 1514 recondant,
224 1456 288 1506 foras
299 1452 418 1521 egrcll'nrae
431 1456 503 1521 capiti
515 1454 620 1505 inserunt
628 1466 725 1520 ‚utquae

72 1518 129 1569 alibi
141 1532 251 1586 geruntur
263 1519 360 1569 videant
375 1521 400 1569 dc
420 1514 566 1585 speculentur
579 1533 585 1564 :
603 1521 675 1567 Tales
688 1533 727 1567 cu·

71 1580 142 1632 riosr:
158 1585 199 1648 qui
212 1584 323 1649 negledlo
338 1597 436 1631 munere
450 1579 597 1639 sno‚nlienis
609 1579 633 1630 se
645 1582 727 1630 immi-

67 1643 135 1699 scent
149 1648 265 1714 negotiis,
280 1647 421 1710 nullumque
432 1660 484 1695 non
501 1658 603 1695 movent
620 1644 726 1709 lapidem

70 1722 97 1759 ut
118 1709 273 1760 minuriilima
290 1711 422 1760 vicinorum
441 1708 528 1759 derina
543 1710 624 1758 rimari
655 1720 726 1757 ueanr

71 1784 112 1821 aut
123 1771 237 1824 sciscitari.
256 1772 343 1827 Muscis
355 1772 421 1823 hand
432 1771 564 1829 abfimilcs,
582 1723 727 1836 quadruvis,

71 1835 148 1883 nitida
161 1840 186 1885 δι
198 1838 274 1898 polita
284 1837 338 1884 loca
350 1837 515 1900 protervolant
528 1871 535 1892 ‚
552 1840 578 1885 dc
596 1833 680 1883 scabris
699 1849 727 1883 ac

72 1894 173 1946 sordidis
184 1895 360 1947 adhaerescunt:
379 1912 418 1946 ant
435 1899 505 1962 gallis
523 1898 674 1961 gallinaceis,
703 1898 728 1946 ui

74 1974 133 2007 arcs
146 1958 189 2009 sue
201 1961 311 2025 neglerio
323 1960 413 2009 scminc
425 1963 451 2008 dr
462 1959 629 2069 lierauilinio¹
645 1911 729 2009 hordei

74 2038 174 2089 granum
188 2038 262 2072 unum
274 2035 345 2086 atque
356 2024 460 2071 alterum
470 2036 510 2071 era
527 2036 566 2069 ere
576 2023 668 2071 malunt
688 2039 728 2071 cn-

74 2084 135 2135 riosa
147 2086 259 2154 indagine
271 2088 296 2135 in
308 2084 385 2135 fundo
400 2085 492 2142 alieno,
509 2099 584 2149 quam
594 2085 690 2157 largiter
702 2088 728 2135 &

74 2151 176 2199 ubertim
189 2149 218 2198 de
232 2147 274 2198 suo
286 2147 355 2213 pasci.
362 2147 441 2212 Quid?
455 2150 589 2198 aliorumne
601 2148 664 2197 vitris
677 2160 729 2198 tam

75 2212 166 2262 strenue
179 2211 307 2262 scrutandis
321 2246 328 2268 ‚
344 2211 464 2275 carpendis
478 2248 485 2270 ,
499 2208 653 2260 eliminandis
671 2226 729 2277 ope-

74 2292 127 2326 ram
139 2276 236 2334 darent,
249 2273 298 2324 fise
310 2270 451 2331 noffent,&
463 2290 514 2340 qua
527 2275 595 2324 domi
608 2275 730 2340 corrigen-

76 2340 108 2390 da
119 2338 171 2388 sunt
182 2341 312 2403 vitia,qnae
326 2337 399 2387 horto
421 2337 462 2385 suo
480 2336 619 2401 extirpanda
637 2340 730 2386 zizania

75 2403 136 2453 serio
149 2404 295 2467 cogitarent?
310 2398 447 2451 Curiofitati
457 2396 501 2448 sure
521 2399 592 2448 credo
607 2401 730 2464 repudium

76 2467 205 2515 mitterent.
239 2471 328 2528 Pergo:
343 2464 402 2529 Quis
419 2478 473 2511 curn
490 2469 561 2511 Xerxe
576 2477 644 2510 novat
662 2467 731 2512 volu·

103 2531 148 2577 atis
174 2530 293 2578 inventori
316 2527 443 2603 praemium
474 2524 624 2574 constitueret
642 2559 650 2582 ,
671 2525 688 2575 st
708 2526 732 2575 l'e

76 2541 321 2639 {ominemell'cscrio
356 2583 732 2652 rpenderet,&insedcsccndens

77 2655 187 2703 animum
198 2654 298 2717 erigeret
309 2666 322 2700 a
354 2653 440 2701 altiora
452 2653 477 2702 ἃ
488 2652 582 2725 origine
593 2647 631 2698 sun
644 2650 731 2716 digna?

77 2718 212 2781 Qriserem
229 2716 344 2765 lornollis
357 2718 383 2765 dt
394 2710 539 2764 effoeminatr
550 2714 615 2763 illius
626 2717 731 2761 Sardana-

76 2784 121 2843 pali
132 2730 230 2827 luxisti:
241 2790 320 2827 totum
334 2778 508 2835 devoveret,&
520 2778 659 2841 Epicureum
673 2775 732 2825 illud

79 2857 121 2892 ore
128 2840 236 2905 usurpare
242 2856 291 2889 non
297 2839 450 2898 erubesceret,
458 2844 509 2898 Eds,
516 2844 563 2897 liic,
568 2842 629 2894 lude,
633 2839 672 2901 post
679 2858 733 2887 mor·

79 2908 292 2979 rennullavolaptas.
300 2897 679 2978 Osficogitarctllomosnmss
692 2916 732 2949 ve-

87 2992 92 3008 ι
173 2988 261 3008 §liti
305 2989 426 3008 .e·ir
503 2984 680 3008 1151,ῑὶἱὶ
715 2984 725 3008 .’
