1590 3036
208 144 411 193 orario
442 142 487 191 vr.
639 159 664 203 tt

24 242 120 303 rrde‚&
135 241 245 294 mamre
256 238 411 307 representat.
419 248 476 306 ομ
488 240 556 291 enim
566 242 601 291 vir
610 244 665 304 illi,

24 322 87 373 :qux
98 308 198 358 dictio}
215 311 332 380 quantum
344 307 419 354 etiam
431 302 665 358 inseritrtteminem

24 384 58 483 i‘
68 367 667 494 “llilmrllfflll‘al'ssff‘li’aiffllql“ilidii

24 508 65 553 rt,
80 512 138 545 nort
150 446 185 543 fal,
191 495 270 543 Patria
283 490 384 550 sua,sed
397 492 424 541 in
435 490 486 557 ipsa
497 494 588 542 Gracia
597 510 664 551 ,cum

24 562 93 625 agnis
104 558 159 607 illis
170 557 243 614 viria,
258 572 362 622 quorum
373 554 501 666 sapientil,
511 570 539 604 ac
550 556 665 607 eruditio-

24 638 28 669 ε
40 638 93 671 oon
105 620 284 685 mmmmm
296 621 383 669 virtum
404 616 435 667 ul
443 620 558 681 ,Populus
571 625 663 671 Roma-

24 700 42 733 ις
54 686 239 735 incrementum
251 686 326 747 cepit,
333 680 442 749 quotidie
454 680 663 735 veriirividenrut.

24 760 108 815 tgnant
121 762 181 797 cum
194 752 316 803 Homero,
332 744 468 794 miticaorur
481 760 537 795 cum
548 744 663 804 Hesiodo,

24 824 80 861 nant
92 826 153 861 com
167 816 334 866 Anacreonte,
351 810 445 873 plorant
456 822 512 856 cum
530 810 641 873 Euripide
655 845 663 868 ‚

25 890 53 923 im
66 872 231 937 aristophane
242 872 366 929 rident,irr
378 872 469 920 coelum
482 866 661 936 affirrguntcum

26 936 112 987 ndrro.
146 941 176 984 ln
186 935 319 985 Theocrito
332 948 427 989 autem,
441 932 559 991 Moscho,
567 938 593 984 dr
606 938 662 984 Bio-

25 998 131 1055 e,verbis
144 998 219 1048 nullis
230 996 367 1055 dirimunt
380 996 482 1060 exprimi
495 998 606 1045 oratione
617 1013 662 1061 po·

25 1060 64 1119 st,
96 1072 200 1110 uaotrm
217 1061 300 1111 rustice
318 1072 445 1124 procacem
459 1058 529 1129 illam
546 1058 662 1116 Musam,

25 1139 55 1172 m
76 1075 249 1189 :implicitam
264 1126 291 1174 dr
314 1124 431 1175 suavitate
450 1119 536 1186 lingua
553 1124 660 1173 maximi

25 1186 312 1251 miunfflmdepereaot·
320 1192 407 1238 Donec
416 1182 516 1233 tandem
527 1199 595 1235 more
607 1191 661 1237 Ro-

27 1264 144 1307 anorum,
153 1248 185 1298 cd
196 1252 316 1315 privatum
327 1252 354 1299 in
365 1246 491 1299 scribendo
498 1244 579 1302 usum,
587 1262 659 1314 atque

25 1312 224 1370 limitationem,
239 1313 358 1380 quidquid
366 1311 401 1363 ibi
412 1311 508 1377 legunt,
518 1312 660 1371 conferant,

37 1374 225 1427 uberrimarum
237 1392 314 1427 rerum
327 1390 380 1426 tum
391 1374 517 1424 verborum
528 1375 659 1440 frugc‚pa·

25 1454 110 1498 rre,ac
124 1437 233 1488 imbuere
251 1435 459 1490 sermonemsuum
465 1438 659 1502 incipianthid

25 1503 176 1552 immicum
194 1505 275 1552 omnis
293 1502 406 1554 dodrinae
423 1503 459 1549 ele
477 1505 541 1550 antia
554 1536 561 1559 ,
575 1504 658 1551 omnis

25 1568 108 1629 gnitio
128 1566 203 1677 ἀίξαι
218 1564 326 1615 hominis
342 1565 440 1631 ingenui
457 1515 548 1621 Rodio,
563 1565 636 1612 verbo
652 1600 659 1621 ,

25 1628 115 1692 ricqrrid
134 1641 234 1691 uquam
259 1627 293 1677 cll
316 1630 457 1693 politiorum
480 1625 659 1689 dititplinorum

25 1691 67 1739 ilis
81 1690 137 1739 aliis
147 1704 221 1754 quam
232 1695 368 1741 Graecorum
380 1687 460 1746 libris,
475 1702 502 1737 ac
514 1690 586 1737 literis
599 1705 658 1738 corr-

25 1768 107 1803 tratur.
140 1753 256 1803 Videmnt
272 1754 320 1802 hoc
338 1755 400 1803 olim
416 1754 511 1809 Potio,
522 1754 604 1817 magni
621 1753 657 1801 iili

25 1818 115 1866 >tentia
128 1814 243 1882 magistri.
275 1817 340 1866 Vidit
352 1822 423 1866 Maro
435 1819 477 1890 qui
495 1832 545 1865 non
562 1816 609 1865 alii
626 1816 657 1864 dc

25 1880 77 1937 iri,
93 1896 124 1929 cx
138 1886 249 1929 Homero
260 1894 375 1945 magnam
386 1878 496 1928 AEncrdos
508 1883 551 1929 suae
563 1892 657 1944 partem

25 1942 175 2008 assumpsit:
190 1942 265 2016 quim
276 1944 333 1993 vero
343 1943 444 1993 feliciter
457 1945 576 2009 Georgica
594 1941 633 1990 sua
648 1978 656 1998 ‚

43 2001 147 2056 Heliodi
165 2006 328 2055 imitationem
347 2001 513 2070 composuerit.
547 2007 657 2056 Bucolica

25 2072 42 2118 ri
59 2065 166 2119 successu
175 2068 207 2118 ad
219 2069 344 2118 Theocriti
358 2064 492 2133 exprefferit
504 2068 655 2125 facilitatem,

25 2132 77 2181 itici
91 2147 181 2181 omnes
194 2147 243 2180 uno
266 2147 307 2181 ore
326 2131 445 2181 testamur.
478 2129 544 2181 Vidit
564 2136 588 2182 ὅ(
608 2131 656 2181 hoc

25 2196 139 2259 ›quemiae
150 2194 212 2244 iilud
225 2196 366 2245 miraculum
379 2199 524 2253 CICERO,
539 2198 580 2259 qui
599 2194 655 2242 licet

26 2261 165 2321 >prietatem
177 2262 296 2307 Romana
314 2259 418 2325 lingua,
435 2256 504 2307 simul
521 2273 576 2307 cum
593 2257 655 2305 lade

26 2336 104 2371 iterno
115 2319 243 2395 puriffimo
253 2318 345 2380 seculo,
360 2337 390 2370 ex
400 2318 451 2394 ipso
466 2321 601 2370 Latinitatis
613 2335 656 2384 pc-

32 2383 152 2441 hauscrrt,
168 2383 264 2433 aliunde
276 2399 357 2433 tamen
373 2384 481 2433 divinum
499 2386 569 2433 illum
586 2382 654 2434 suum

26 2463 129 2497 monem
140 2445 272 2507 majoribus
283 2448 449 2515 incognitum,
466 2446 564 2512 posteris
573 2450 653 2497 omni-

26 2530 29 2559 ι
43 2526 97 2561 tam
110 2509 280 2561 admirabilem
293 2547 301 2568 ,
315 2508 460 2578 deprompfit
473 2544 480 2565 ‚
495 2514 520 2561 δι
535 2510 582 2558 alii
598 2512 654 2559 lon·

30 2591 106 2643 qoam
121 2572 210 2625 Latini
223 2577 394 2627 exercitatione
408 2578 434 2626 δι
450 2575 531 2634 auxit,
545 2576 571 2624 l<
585 2575 657 2626 aluit.

26 2654 30 2687 :
59 2641 128 2691 enim
160 2652 212 2703 quo
236 2638 302 2692 inter
326 2642 390 2694 alios
417 2641 542 2700 circellmt
560 2638 670 2697 lermo,

333 2712 358 2762 C
377 2729 391 2764 z
627 2722 684 2762 mm
