1612 3008
67 362 101 407 44
193 342 377 408 Jltcoot
407 342 592 409 cituctl

68 437 123 551 fffir
136 440 221 490 Mundi
238 438 375 506 primordiis
392 439 511 504 originem
527 414 614 493 duc'at,
630 438 658 487 dt
670 446 731 487 nm

88 515 97 550 t
112 518 167 553 cum
177 502 235 553 orbe
248 508 319 552 nato?
336 503 407 567 Qrod
418 504 495 565 prima
512 500 605 564 generis
623 498 727 549 htunnnl

69 567 164 631 lingua,
199 566 247 615 uod
257 568 338 632 lingua
346 567 392 615 Dei
400 569 494 630 ,lingua
504 564 671 628 Angelorum,
679 562 727 613 lini·

70 643 116 693 gun
128 635 189 693 Prop
207 636 312 678 etatum?
328 626 496 678 Necellitatem
507 640 573 689 pono
587 625 613 672 in
628 624 729 691 magni·

72 691 169 748 tudine,
184 696 210 741 δι
224 691 382 754 amplitudine
392 690 459 753 hujus
470 688 543 743 doni,
559 684 663 737 usumin
674 700 728 737 mtt-
755 732 765 751 .,

70 756 144 810 teria,
158 768 208 817 quae
221 753 238 802 fi
251 754 341 818 aliquid
350 754 380 802 ad
394 755 480 818 lingunt
492 750 560 805 huius
566 747 727 814 prastantium
761 797 764 827 Ι

71 816 179 870 confert,
195 817 254 880 quid
265 816 408 882 prostantius
418 813 510 864 censeri
544 813 642 870 testeo,
657 810 729 877 quod-

72 881 97 927 in
110 878 180 943 ipsius
194 881 240 928 Dei
253 882 416 945 cognitionem
430 893 476 926 nos
494 892 506 925 a
524 875 605 926 duciti
621 874 727 941 quodo-
756 862 765 932 ,⁸

72 954 142 990 temo:
166 939 245 990 salutis
268 940 439 1007 consequendae
458 940 577 989 rationem
605 952 727 1003 piamon·

72 1003 142 1053 strat?
158 1004 228 1067 Qrod
239 1011 293 1054 Dto
304 1002 399 1053 summo
414 1005 524 1054 omnium
536 1000 658 1049 bonorum
668 998 729 1049 fon-

71 1069 103 1123 ri,
119 1070 143 1116 dt
157 1068 232 1115 autori
250 1084 295 1117 nos
315 1070 441 1116 conciliati
463 1064 594 1115 noudum
612 1076 669 1113 vent
685 1060 725 1113 di-

72 1130 162 1195 gnum!
179 1130 195 1179 o
208 1129 346 1193 industriam
358 1129 515 1184 omnilnude,
526 1126 730 1191 &mancatione

73 1193 205 1253 majorem!
222 1209 268 1258 qun
281 1194 357 1242 homo
370 1193 394 1241 id
406 1191 571 1255 consequitur,
586 1201 613 1238 ut
625 1186 675 1239 line
686 1188 727 1237 in·
757 1170 764 1223 i

74 1268 189 1321 ruptore,
206 1257 290 1305 eudem
302 1259 383 1322 lingua
396 1271 451 1303 cum
464 1262 531 1310 Deo,
549 1267 603 1301 rum
615 1252 728 1319 Angelis,
757 1250 763 1263 “

74 1334 129 1367 cum
151 1320 301 1374 latrinrchis,
317 1335 371 1367 cum
389 1318 533 1382 Prophetis,
552 1314 638 1364 diserte
655 1312 726 1379 poffit
758 1354 764 1369 .

74 1383 201 1445 colloqui,
218 1385 243 1430 δι
252 1382 296 1429 Dei
309 1394 452 1429 merrtemex
464 1382 544 1445 lingua
556 1380 603 1427 Dei
623 1380 730 1437 diepam
759 1402 764 1451 Ι

75 1443 213 1491 hominibus
225 1446 380 1508 interpretari.
396 1439 731 1507 Quiquamneest,quialin

77 1521 162 1555 omnes
170 1504 217 1555 liin
229 1508 475 1560 nnomconl'ermtur,
492 1502 598 1554 scientias
604 1517 660 1551 cum
671 1501 726 1560 irat,

78 1569 134 1631 quia
146 1568 188 1616 ista
200 1582 252 1617 tom
263 1570 366 1626 eximia,
381 1583 431 1617 tam
443 1567 565 1623 sublimio,
582 1579 634 1614 tam
646 1564 727 1615 diviua

78 1631 218 1687 truduntur,
233 1634 283 1681 ullo
296 1633 371 1680 modo
383 1631 553 1694 comparandas
565 1632 642 1693 putet?

108 1695 221 1744 Viderunt
232 1695 279 1744 hoc
293 1697 413 1755 Majorum
424 1694 516 1749 seculo,
532 1695 557 1742 δι
570 1690 666 1749 nolito,
678 1691 733 1741 vol

78 1759 174 1821 moguir
190 1775 234 1808 nec
247 1757 391 1811 aliumfuilii¹
402 1754 615 1813 causamurbittor,
629 1765 729 1803 curtan-

78 1832 105 1869 to
118 1818 213 1881 labore,
230 1840 256 1873 ac
270 1822 380 1873 industria
392 1823 416 1870 io
429 1823 513 1886 lingunt
526 1820 593 1880 liujus
604 1814 731 1867 studiode·

78 1880 196 1943 sudarint,
210 1888 283 1951 inque
295 1903 323 1935 ea
335 1889 368 1936 ita
386 1885 555 1938 excelluerint,
571 1895 596 1929 ut
609 1882 647 1929 vel
660 1878 729 1939 huius

78 1944 150 1997 solius
163 1951 261 1999 nomine
274 1948 401 1999 detiorum
413 1949 523 1996 omnium
537 1945 666 1993 meruerint
678 1939 729 1991 suf·

76 2007 160 2076 fragia„
178 2011 543 2061 Conradoenimillol’ellicano
556 2008 614 2071 quid
627 2005 735 2061 dodiiur,

80 2074 106 2121 &
115 2072 210 2123 trebraea
221 2073 366 2139 supellediilt
378 2073 522 2123 instrudiiusi
543 2070 610 2129 huius
629 2067 731 2130 discipu

79 2136 117 2183 lus
129 2135 275 2195 Munsterus,
292 2141 327 2188 vir
337 2135 447 2187 indefeffi
459 2133 548 2185 laboris
560 2132 624 2181 bone
642 2138 708 2181 Deus
721 2124 743 2181 'J

80 2199 296 2263 quatianuantus
307 2202 365 2250 fuiti
382 2197 446 2312 (ffirid
466 2198 507 2246 ille
525 2206 605 2245 terum
621 2184 732 2244 Hebru-

80 2274 133 2309 rum
149 2276 199 2310 non
211 2264 316 2323 evolvit,
329 2278 388 2313 extu
415 2273 441 2318 t,
458 2261 606 2326 penetrarit?
621 2254 731 2306 utrelad

79 2324 181 2373 nomina
192 2323 322 2384 librorum,
339 2338 469 2387 eorumque
481 2324 591 2371 encomia
608 2316 733 2371 recensen-

79 2383 124 2442 da,
139 2386 201 2436 libro
213 2402 272 2451 pene
282 2387 311 2437 lit
324 2404 390 2452 opus.
407 2388 640 2448 Victurumunquam
652 2380 736 2445 spera·

80 2461 145 2506 mus,
162 2451 204 2513 qui
217 2453 302 2500 melius
314 2450 344 2500 de
357 2449 422 2500 sacro
434 2450 481 2500 lrot
493 2447 570 2497 studio
586 2449 686 2501 mereri,
704 2448 738 2495 &e

80 2506 357 2575 strenuemngisharum
380 2513 511 2563 litteratum
529 2510 632 2575 gloriam
659 2507 738 2558 tutati.

81 2577 166 2632 queat?
182 2579 219 2622 ltn
231 2572 355 2623 l'acrarium
368 2574 491 2639 quoddam
505 2575 573 2631 hujus
587 2572 673 2634 linguae
685 2570 733 2619 mi-

80 2632 106 2680 hi
119 2632 164 2682 ell'c
177 2636 281 2693 videtur,
299 2640 324 2687 δι
336 2635 436 2685 scientio
447 2639 545 2684 exoticae
560 2634 685 2697 quoddam
692 2646 734 2696 pe·

81 2696 156 2760 lngus.
188 2701 275 2762 er'les
306 2714 384 2763 uoque
396 2700 455 2746 olim
469 2698 533 2746 fuere
545 2698 590 2744 viri
603 2697 733 2744 illintenra

82 2762 272 2827 memoriadigni
292 2765 334 2811 rmi
344 2761 483 2819 ,Reuchlini
492 2796 499 2817 ,
507 2759 607 2808 Mertcri
616 2756 734 2814 ,Vatabli,

80 2824 197 2891 i’ugnini,
213 2827 341 2884 Montani,
358 2827 441 2877 &nou
452 2823 596 2892 itaoridem,
613 2821 734 2876 Moruni,

694 2880 742 2937 l*-

756 1038 764 1082 l'
