1612 3008
104 144 153 195 4⁷0
233 111 421 195 Jacoitr
453 125 641 178 cuuorr

107 247 174 286 mus,
190 242 284 279 utrum
298 230 423 277 Alexandro
434 231 502 293 Rege
513 223 553 276 suo
569 261 576 283 ,
590 238 671 289 quam
690 226 774 279 tariiii·

108 310 148 344 me
162 308 202 343 aut
213 291 345 343 suavissime
356 292 493 355 loquetetur
506 326 513 348 ,
528 304 613 353 utpote
630 306 665 339 eo
679 294 723 355 qui
742 294 774 343 ti-

107 370 138 406 tae
151 355 261 421 necisque
272 358 298 405 in
309 371 365 405 eum
377 353 473 403 haberet
486 354 637 419 potestatem.
646 356 774 405 vuitisad·

108 421 155 471 huc
168 422 318 485 exemplum,
327 419 496 467 «tuditantia
508 420 554 466 trit
565 416 655 529 ὂννᾷὄν
670 421 773 469 siv-stin·

110 504 152 535 ne.
184 490 240 533 Erat
254 484 315 532 olim
330 481 421 530 nonde
440 487 588 545 Imperatore
617 482 691 531 olum
703 483 771 545 Μ’.

108 552 186 604 nimo,
202 544 242 595 sed
256 550 281 596 δι
293 546 324 595 dt
334 542 444 595 universo
456 546 561 610 Imperio
574 547 698 593 Romano
715 560 772 610 pren

107 611 170 659 clati
182 612 280 657 meritus
292 612 417 664 Beiifiirim
434 608 473 656 hic
485 619 567 656 tamen
579 607 622 670 qui
637 610 711 667 Porssr,
720 616 770 656 Vas-

109 677 171 730 daffl,
189 676 300 735 &orbisque
311 670 425 737 superatis
436 670 585 735 triumphans
600 669 726 728 redierat,
741 670 769 721 ab

108 736 246 785 invidorum
258 736 382 783 calumniis
396 733 456 783 iiber
466 731 512 782 erse
528 747 578 781 non
591 731 767 795 potuit‚sedde

108 798 204 863 fastigio
217 797 336 846 honorum
351 812 378 846 ac
391 796 538 863 dignitatum
553 792 651 844 suarum
665 831 673 853 ,
688 796 767 847 riuni-

107 863 145 910 nis
158 861 222 908 velut
235 861 283 909 ittu
295 860 414 921 dejectus,
429 857 631 915 ostentamentis,
649 858 767 909 facultati·

105 922 150 973 bus
162 920 274 973 omnibus
284 938 368 973 exutus
380 956 387 978 ,
401 922 465 971 triste
480 919 496 970 s
521 922 643 971 &oculum
660 921 766 972 humana

106 985 272 1037 vicissitudinis
282 986 392 1051 praebuit,
408 988 434 1035 dt
448 987 473 1034 in
494 999 576 1033 umma
593 998 676 1034 rerum
694 1000 765 1051 angu-

107 1049 151 1099 stis
164 1050 300 1099 mendicare
315 1051 423 1106 coustris,
438 1048 476 1096 his
487 1046 564 1097 verbis
577 1052 764 1112 pratereuntes,

105 1114 131 1162 in
143 1111 209 1163 bivio
221 1112 403 1170 collocatus‚ad
414 1109 603 1161 misericordiam
615 1112 764 1161 commovit:

108 1183 164 1224 Date
175 1180 256 1224 oinium
270 1180 377 1237 deiferis,
386 1192 446 1240 quem
458 1178 527 1222 virtut
537 1178 614 1222 extulit
621 1208 629 1231 ,
636 1178 719 1223 invidia
730 1180 762 1221 de·

102 1239 176 1303 preffit.
191 1242 216 1288 N
218 1255 252 1288 on
264 1240 344 1289 minus
354 1254 412 1304 ergo
422 1238 510 1287 eximie
521 1250 596 1302 quam
607 1250 665 1286 vere
676 1243 762 1295 Poeta,

210 1306 287 1349 Paucos
297 1305 364 1350 beavit
378 1306 456 1359 Auia,
471 1304 539 1363 pitres
548 1303 640 1363 perdidit
652 1316 662 1358 3

208 1366 250 1412 ser
262 1369 288 1416 d·
300 1368 333 1411 bos
343 1365 394 1424 ipfiu
403 1381 453 1428 quos
463 1364 530 1411 beavit
539 1365 638 1427 perdidit.

140 1424 196 1490 Jam
209 1424 239 1474 de
251 1440 305 1474 aura
317 1426 428 1490 Populati
440 1424 498 1490 quid
509 1424 707 1487 dicamiQris‚fi
720 1428 762 1477 tri·

101 1502 154 1540 tum
166 1487 225 1538 iliud
238 1492 298 1551 Nosce
309 1504 328 1537 te
338 1493 404 1549 ipsum
413 1487 475 1538 serio
486 1488 548 1552 apud
560 1486 711 1553 seexpendat
720 1490 762 1547 ,de

102 1551 133 1602 ed
147 1552 263 1619 captanda
272 1554 315 1609 erit
327 1550 524 1616 sollicitusiquid
537 1553 604 1600 enim
617 1556 711 1616 populo
727 1555 763 1603 in·

104 1615 263 1675 tonstantius,
281 1632 311 1665 ne
324 1615 403 1665 dicam
415 1616 537 1681 ingratius.
551 1615 645 1664 Videtis
658 1614 696 1673 id,
707 1622 761 1664 An·

104 1682 192 1736 ditores,
206 1679 231 1727 in
243 1680 301 1729 vicis
313 1680 375 1728 oiim
387 1678 496 1744 magnis,
513 1679 628 1738 nitriae,
643 1680 759 1740 Demosthe·

102 1760 141 1795 nt.
158 1746 263 1799 Phocione,
277 1746 373 1799 Manlio,
391 1749 492 1798 cicerone,
507 1741 549 1806 qui
567 1754 612 1804 pro
629 1741 761 1791 innumeris

103 1801 150 1853 suis
162 1804 187 1850 in
201 1804 384 1867 Rempublicam
397 1805 506 1861 metitis,
522 1805 582 1852 nihil
600 1804 667 1852 aliud
686 1820 759 1870 quam

101 1867 191 1915 civium
202 1862 298 1915 suorum
310 1868 440 1923 invidiam,
455 1864 651 1942 ingratitudinem
662 1868 760 1925 ,odium

100 1930 341 1995 reportarunt3111ud
360 1946 389 1978 ue
401 1943 490 1994 experti
512 1930 564 1979 sunt
583 1929 652 1994 quod
670 1930 701 1979 de
719 1934 759 1979 Sa·

101 2009 148 2040 min
162 1995 247 2040 Pericles
259 1992 320 2041 oiim
334 2008 347 2040 a
375 1995 469 2043 rmavit.
485 1999 533 2042 Eos
544 1990 676 2043 infantibus
693 1992 759 2042 fimi·

100 2055 137 2103 les
147 2052 206 2111 effe,
221 2055 263 2119 qui
270 2053 508 2106 cibuminunicibus
515 2055 612 2121 quidem
625 2058 757 2120 accipiunt,

96 2115 138 2167 sed
152 2130 235 2167 tamen
245 2119 325 2186 vagire
337 2122 361 2169 δι
375 2121 468 2184 plorare
482 2135 532 2167 non
550 2118 661 2168 desinunt
677 2119 758 2184 eisque

97 2181 164 2246 quod
177 2182 276 2244 platano
289 2182 394 2232 accidere
410 2180 484 2240 solet,
500 2182 615 2247 adquam
630 2183 757 2239 homines,

96 2259 151 2294 cum
165 2244 490 2310 piuir,confugiunt,sercno
503 2258 581 2295 autem
597 2246 623 2294 δι
632 2246 694 2295 iudo
705 2260 754 2297 cot·

95 2307 136 2365 io,
152 2308 212 2355 folia
225 2308 351 2373 decerpunt
365 2310 489 2374 &ingrati
506 2307 637 2358 discedunt.

126 2371 252 2434 Amplius:
267 2372 327 2437 Qtis
340 2387 405 2421 arma
419 2376 527 2436 caperet?
543 2374 594 2435 quis
607 2372 702 2420 militiae
710 2388 754 2420 no·

94 2447 152 2482 men
164 2433 244 2491 daret,
260 2437 277 2488 fi
283 2440 305 2493 Ji
318 2434 393 2499 ipsum
406 2438 480 2499 probe
492 2436 563 2545 ηιξζςι,
578 2435 674 2499 hocque
694 2433 754 2485 serio

94 2497 247 2562 perpenderet
256 2533 262 2554 ,
270 2494 293 2546 se
304 2513 354 2545 non
366 2499 470 2548 alitetad
478 2499 511 2546 ho
531 2514 582 2547 rum
588 2498 753 2548 carnificinam

93 2559 167 2626 quam
178 2561 301 2609 vistimam
314 2559 343 2609 ad
356 2561 478 2611 lanienam
492 2562 545 2609 duci
558 2565 566 2610 i

120 2622 166 2674 Sed
179 2634 220 2684 ut,
234 2619 312 2675 miiiis
323 2624 392 2683 aliis,
402 2625 433 2677 ad
446 2623 521 2678 nostri
531 2623 624 2677 ordinis
635 2622 752 2674 homines

704 2700 753 2735 not
