1612 3008
231 182 509 232 onnnlolv.
693 202 719 243 33

63 284 125 328 Deus
142 272 222 325 affecit
235 275 376 327 beneficiis?
404 280 499 342 quantia
517 290 573 327 eam
590 280 721 329 cumulavit

62 342 186 396 victoriis,
202 343 228 389 br
246 342 370 404 triumphis
382 346 391 391 l
405 340 485 405 Qa'am
503 340 649 391 miraculose
672 343 723 399 ejus

61 404 231 452 liberationes?
246 403 335 452 [dueta
346 407 411 454 enim
424 400 587 469 potentiffimn
605 406 652 453 Dei
670 418 724 452 nra-

62 482 107 523 nu‚
121 482 135 516 e
148 465 227 514 domo
240 465 355 516 servituris
365 482 407 531 per
419 464 639 523 materialium&
651 464 722 517 dulia

63 530 88 577 iu
100 527 221 577 desertum
235 527 314 593 ibique
325 530 483 597 quadraginta
495 542 614 579 annorum
624 526 701 597 spatio
714 566 722 588 ,

63 594 110 641 alta
121 594 186 640 inter
198 588 293 656 tesqua,
310 596 335 644 &
348 592 502 651 solitudines,
516 607 567 642 non
583 604 646 659 ptine
657 592 723 641 ordi-

63 658 146 711 nario,
160 652 202 703 scd
214 656 378 719 Angelorum,
393 654 492 705 tandem
503 654 631 705 debellatis
649 654 724 704 bolli-

63 716 119 775 bur,
133 720 160 765 in
173 729 260 765 terrem
274 718 456 773 canaamlaiic
473 721 499 768 δι
516 718 589 767 melle
600 716 724 767 abondan-

63 794 112 831 tem
126 779 263 829 introdudla
275 780 317 830 est.
336 780 408 830 Sedci
422 780 540 829 nefariam
549 782 632 845 populi
645 782 725 845 ingra-

63 842 207 893 titudinem!
222 845 323 906 Quoties
335 846 401 892 enirn
413 845 439 891 in
453 842 540 893 Mosen
558 858 674 907 magnum
690 845 723 891 il-

64 908 112 956 lum
126 914 173 954 l’ro
190 906 292 963 hetam,
312 907 408 972 quocies
419 908 445 954 in
457 906 555 955 scatrem
568 908 618 963 eius
629 906 724 954 Aharn-

64 984 121 1017 nem
134 971 160 1018 in
171 972 423 1034 ucrercerunt,qnoties
435 970 459 1016 in
475 974 555 1016 Deum
565 966 641 1032 ipsum
648 967 725 1015 rebel-

64 1034 113 1088 ier,
129 1034 156 1081 bc
169 1031 282 1081 omnium
294 1046 346 1097 qua:
358 1030 388 1079 ab
398 1046 429 1079 eo
443 1043 580 1093 acceperant
594 1030 723 1079 beneficio·

66 1111 118 1143 mm
130 1096 288 1143 immemores
303 1099 311 1142 Ξ
326 1094 347 1143 Si
360 1109 418 1168 ergo
430 1108 460 1142 ex
479 1095 571 1159 ingrata
592 1106 663 1159 gente
685 1108 726 1141 or·

66 1170 117 1206 tum
132 1154 191 1213 cll'e,
208 1158 277 1206 alicui
290 1156 401 1207 dedecon
412 1154 445 1206 est
460 1188 470 1211 ‚
483 1170 545 1206 certe
557 1155 634 1220 potest
647 1191 654 1213 ,
675 1172 727 1204 non

67 1220 108 1269 nili
121 1221 184 1268 verti
197 1222 272 1277 vitio,
287 1219 399 1277 Achabo,
414 1234 444 1270 ex
458 1234 487 1269 ea
505 1233 578 1286 gente
598 1218 725 1268 hominem

66 1280 160 1333 traxiss'e
173 1284 308 1348 originem,
320 1284 372 1347 q'uae
391 1284 510 1347 protervia
525 1318 533 1341 ‚
546 1282 725 1338 incredulitate,

66 1347 221 1403 idololatria,
235 1357 274 1395 tur
290 1346 414 1411 idenique
426 1344 580 1403 nesterone,
594 1348 621 1395 δι
633 1345 728 1410 apolle-

67 1408 99 1458 sra
107 1444 114 1467 ,
122 1409 202 1458 nullas
213 1422 264 1457 non
274 1360 349 1475 ionge
360 1422 444 1475 genten
456 1406 471 1457 b
483 1420 553 1474 tergo
566 1410 608 1479 reli
626 1410 668 1457 uit.
684 1414 729 1456 Pa-

67 1485 129 1521 trem
142 1472 193 1531 ejus
205 1472 222 1519 fi
238 1470 384 1522 considerare
397 1470 425 1519 lit
437 1470 544 1528 animus,
559 1485 601 1535 qur
609 1422 663 1519 sliu
685 1468 728 1518 sarci

68 1533 135 1584 bono
148 1535 273 1599 exemplo,
289 1538 314 1584 be
327 1536 381 1583 vite
393 1532 551 1583 sanstimmia
564 1566 572 1589 ,
584 1547 729 1596 morumque

69 1599 221 1662 integritate,
235 1600 356 1661 praelucere
368 1594 496 1652 debuisset,
511 1596 619 1659 projestae
640 1596 729 1657 impie·

69 1662 127 1709 tatis
141 1658 281 1713 homiuem.
295 1656 501 1725 perditillinuisque
518 1656 623 1707 moribus
643 1654 708 1707 fuilse
723 1692 730 1714 ,

70 1735 162 1773 certum
175 1721 216 1773 est.
247 1725 302 1773 Fuit
312 1724 378 1773 enim
389 1722 431 1770 ille
446 1723 547 1778 Homri,
569 1720 645 1768 bomo
659 1735 732 1769 vena·

71 1788 100 1835 lis
112 1788 216 1844 anime,
231 1788 256 1836 δι
270 1785 395 1850 bipedum,
410 1799 472 1847 quos
484 1782 518 1832 sol
530 1783 590 1833 vidit
606 1818 613 1839 ,
629 1785 655 1831 &
668 1797 732 1832 terra

70 1848 177 1898 sustinuit
190 1848 351 1913 nequibimus.
367 1849 412 1897 Hic
424 1848 465 1897 illc
478 1846 676 1904 eli,Auditorcs,
688 1847 730 1910 qui

71 1912 181 1961 condidit
194 1910 282 1961 urbem.
289 1915 417 1961 Samariam
431 1946 439 1968 ‚
455 1925 556 1974 eamque
575 1909 731 1958 habitandam

72 1976 137 2023 dedit
156 1976 237 2039 impiis
253 2009 260 2031 ,
274 1976 316 2039 qui
332 1990 376 2023 nec
390 1971 490 2022 llbrahae
503 2007 510 2029 ,
525 1987 568 2021 nec
582 1971 675 2027 Molis,
690 1970 731 2020 sed

74 2036 215 2103 Jeroboami
227 2038 323 2103 vestigia
335 2036 498 2102 sequebantur.
530 2036 594 2101 Quid
605 2036 708 2084 mitum?

117 2126 244 2139 ——-·-
257 2106 378 2162 componitur
396 2103 444 2147 orbis

115 2169 178 2229 ‘Regia
190 2167 219 2211 ad
229 2166 357 2223 exemplum
373 2180 407 2211 nec
414 2162 444 2221 ste
456 2163 555 2222 infindere
563 2162 631 2221 sensus

120 2234 225 2277 Humanas
236 2228 301 2273 aaran
312 2230 395 2281 valent,
409 2240 472 2289 qum
484 2229 529 2273 viu
546 2229 645 2284 liquarit.

75 2292 137 2357 Quia
150 2289 258 2339 haesere
271 2286 421 2338 esteonditio
435 2284 736 2352 Principum,utquicquid

74 2356 164 2405 faciant
178 2356 301 2419 precipere
312 2351 441 2400 videantur.

105 2418 152 2467 Sub
167 2416 274 2477 Principe
289 2416 393 2463 aleatore
402 2410 486 2477 paflirn
499 2410 588 2461 luditur
604 2412 676 2461 alea:
693 2407 735 2459 sub

75 2479 207 2535 bellicoso,
221 2477 373 2527 bellaturiunt
386 2490 493 2532 omnes,
508 2472 548 2523 sub
567 2472 736 2523 commessato-

77 2562 99 2595 re
113 2547 138 2594 bc
151 2541 270 2609 prodigo,
286 2540 343 2589 luxu
353 2538 478 2595 diffluunt3
494 2534 535 2586 sub
547 2534 691 2593 libidinoso,
707 2536 738 2581 li

77 2606 180 2657 bidinosr
191 2604 264 2659 liunt,
279 2604 305 2651 in
318 2618 382 2669 quos
393 2601 523 2667 imperium
542 2611 649 2651 exercet.
677 2602 754 2667 *litun

78 2672 141 2719 enlm
151 2683 205 2733 qua
216 2664 494 2730 concipit,illicb.velut
508 2682 554 2734 per
568 2666 771 2731 contagium&

68 2732 188 2780 ciuitatem
198 2742 321 2799 propagat
340 2766 351 2793 ,
381 2730 489 2802 plusque
506 2732 664 2805 exemplo,
699 2732 786 2827 opums}
