1612 3008
175 143 198 187 0
211 143 235 188 R
249 142 271 186 A
286 144 307 186 Τ
323 142 334 186 1
349 142 371 185 Ο
402 141 533 187 XLVIII.
635 155 683 200 429

36 245 116 292 multae
128 245 153 292 in
165 244 194 292 iis
207 242 327 298 sententia
339 241 439 291 obscura
454 278 461 300 ‚
476 241 555 290 multae
567 240 684 307 ambigui-

34 318 108 362 tates,
123 307 198 354 multa
210 307 311 369 denique
323 321 374 369 quae
384 304 548 353 difficultatem
564 320 614 353 non
627 319 684 367 pau·

34 383 89 417 cam
100 367 241 417 discentibus
252 383 349 417 movere
361 365 468 431 possunt,
483 365 567 430 quibus
579 365 602 415 sc
615 381 687 431 expc-

34 430 99 487 drre,
113 434 138 480 bt
152 430 182 479 ad
194 430 327 479 eorundum
338 431 453 479 notitiam
464 444 587 493 nunquam
603 442 685 501 pervc-

35 494 86 542 nire
102 505 234 556 poterunt,
252 490 269 540 st
293 493 385 541 nullam
405 488 497 556 prorsus
518 492 686 557 cognitionem

37 560 122 603 Graece
139 556 224 619 lingua
242 552 347 610 habeat,
366 554 397 603 ad
415 569 488 617 quam
505 554 530 601 in
549 551 685 603 necestitate

36 617 66 665 ad
77 617 201 665 veritatem
212 632 290 665 rerum
301 615 433 665 difficilium
445 614 635 681 cognoscendam
647 632 686 665 te-

36 692 127 727 cuttete
150 676 245 743 possint.
285 679 329 727 Sed
352 678 390 727 his
413 693 464 727 non
486 679 572 727 diutius
595 676 685 728 infisto.

36 742 176 789 Proximum
188 740 221 789 est
233 756 258 791 ut
270 746 343 806 quam
354 737 476 789 necessaria
488 755 586 806 quoque
601 744 687 789 Graece

35 805 122 869 linguae
140 804 248 869 cognitio
272 804 303 853 ad
330 803 476 853 Medicinam
502 801 531 851 srt
557 803 687 853 videamus.

35 871 141 915 Tantum
152 867 218 916 euim
228 866 291 917 abest
308 878 333 914 ut
348 879 425 916 catere
437 863 518 914 Greci
533 866 587 930 quie
602 863 688 929 possit,

37 940 63 976 ut
75 927 124 977 siue
136 944 164 978 ea
177 945 208 977 ne
219 932 347 979 minimam
368 926 467 992 quidem
484 927 552 989 hujus
570 932 626 977 artic
643 944 686 977 co-

36 991 172 1056 gnitionem
183 990 296 1056 consequi
306 1004 378 1056 queat
390 1010 397 1047 3
413 1005 467 1039 curn
487 991 552 1039 euim
564 990 626 1039 nulli
642 1006 688 1038 un·

36 1068 111 1117 quam
127 1066 209 1117 prater
228 1060 322 1103 Gtacor
340 1052 431 1102 Medici
451 1050 584 1116 prestantes
599 1054 687 1101 extite-

37 1119 100 1172 rint,
116 1115 241 1179 quomodo
254 1117 307 1180 quis
322 1117 348 1165 in
361 1131 389 1165 ea
400 1113 423 1164 sc
434 1112 552 1163 exercebit
563 1111 602 1170 ,fi
620 1113 688 1175 hujus

37 1179 161 1241 imperitus
177 1177 269 1229 fueriti
289 1176 341 1227 Nisi
358 1194 417 1227 veto
434 1179 488 1243 quis
510 1176 573 1226 dicat
597 1178 688 1226 multoe

37 1241 112 1289 etiam
129 1240 255 1290 Medicinae
273 1240 470 1305 prestantissimos
488 1251 569 1289 extare
585 1242 688 1289 uultures

37 1300 147 1359 Arabes,
164 1308 319 1360 Ausetanum,
340 1306 456 1364 Mestum,
489 1311 608 1350 Avertam
623 1306 649 1352 δι
663 1317 689 1352 a·

37 1367 99 1423 lios,
114 1366 155 1431 qui
166 1367 192 1415 in
203 1365 248 1416 hac
260 1368 365 1415 maxime
376 1364 481 1416 celebres
492 1363 516 1415 se
527 1363 687 1416 reddiderunt.

37 1428 82 1477 Sed
94 1442 167 1491 quem
179 1426 256 1493 quaeso
268 1431 326 1477 latct
339 1464 346 1487 ,
360 1426 377 1477 fi
414 1445 474 1479 uaee
491 1427 555 1493 regia
573 1430 599 1477 bt
620 1429 689 1477 utilia

38 1490 71 1539 ad
81 1491 228 1539 Medicinam
246 1491 275 1540 ab
287 1489 342 1554 ipfis
359 1444 453 1555 probita
495 1501 583 1545 erunt,
605 1506 654 1539 non
673 1489 687 1539 d

39 1553 126 1601 Graecis
141 1552 188 1599 hac
203 1551 245 1603 sibi
260 1551 440 1603 conciliasset&
454 1567 484 1600 ex
500 1552 590 1612 scriptis
603 1568 688 1601 eorum

38 1612 173 1676 excerpsisse
189 1614 273 1676 quibus
290 1614 337 1662 huc
351 1614 454 1679 prestare
470 1612 604 1678 potuiffeut.
616 1614 689 1677 Quod

39 1692 69 1724 ex
85 1691 115 1724 eo
137 1674 287 1725 manifestum
303 1674 355 1732 est,
375 1676 441 1741 quod
461 1676 542 1725 multis
624 1690 690 1724 erro-

38 1737 103 1786 ribus
115 1738 233 1787 interdum
248 1735 391 1787 obscurarint
406 1774 413 1797 ,
433 1737 542 1804 adeoque
555 1689 632 1786 Usta
648 1736 688 1786 ab·

39 1799 106 1849 surda
125 1802 247 1851 intulerint
284 1816 318 1848 ue
337 1799 386 1849 sine
407 1802 493 1851 Graecis
513 1801 598 1874 corrigi
621 1803 647 1850 bt
661 1815 688 1848 e-

40 1863 146 1913 mendari
167 1880 216 1913 non
233 1816 328 1928 posiint.
361 1869 440 1913 Tanta
456 1864 560 1928 denique
583 1880 609 1912 in
632 1860 688 1911 scri-

38 1939 135 1991 ptorum
148 1927 253 1977 Arabum
263 1923 371 1987 ,verfione
387 1924 419 1975 est
434 1925 548 1976 vitiositas
563 1927 690 1975 &incerti-

39 1989 113 2045 tudo‚
128 2001 153 2038 ut
165 2004 249 2053 parvos
260 1988 348 2038 fruitus
361 2003 391 2037 ex
405 1991 490 2039 talium
503 1991 606 2038 lestione
621 2003 690 2052 cape-

39 2068 65 2100 re
80 2053 133 2116 quis
149 2050 239 2114 possit,
260 2052 301 2115 qui
324 2052 410 2116 lingua
426 2051 530 2101 Arabica
548 2050 576 2100 stt
589 2052 689 2113 imperi-

38 2128 84 2163 tus.
117 2115 179 2163 Hinc
192 2112 226 2163 est
241 2126 266 2161 ut
282 2129 404 2178 nunquam
425 2116 450 2162 in
466 2113 558 2167 scholis
579 2116 604 2162 δι
629 2117 690 2161 Aca-

40 2176 127 2225 demiic
141 2175 231 2225 Arabes
249 2175 288 2225 sed
306 2182 401 2225 Graecos
413 2178 468 2224 artis
487 2176 563 2236 hujus‘
573 2187 689 2238 tanquam

41 2239 146 2302 origines
161 2240 186 2287 bc
201 2238 283 2291 fontes
297 2238 438 2286 discentibus
453 2238 545 2302 praelegi
559 2236 689 2287 videamus.

40 2299 112 2365 Qrod
133 2312 213 2348 autem
232 2300 262 2348 ad
284 2299 392 2349 historias
417 2304 523 2356 attinet3
551 2298 690 2361 Antiquissi-

40 2378 92 2413 mus
130 2366 155 2412 δι
193 2360 388 2425 prestantiffimas
424 2360 528 2427 quasque
559 2360 573 2410 i
605 2363 692 2410 Gratis

39 2423 86 2476 esse
117 2421 228 2481 constat,
261 2436 286 2472 ut
318 2429 411 2473 Herodoti
433 2459 441 2483 ,
471 2426 617 2483 Thucydidis,
648 2429 692 2471 Xe-

40 2495 141 2551 nophontis
173 2490 197 2536 bt
229 2486 339 2536 aliorum.
371 2488 467 2535 Etenim
499 2486 557 2533 nulli
585 2500 693 2549 unquam

40 2552 162 2601 extiterint
177 2550 217 2614 qui
232 2561 325 2598 tantum
345 2546 448 2597 historiis
468 2549 575 2597 laborem
600 2548 693 2608 impen-

41 2615 150 2674 derunt,
182 2611 289 2679 adeoque
321 2612 370 2661 iilia
401 2608 426 2662 se
455 2608 558 2663 celebret
586 2609 699 2718 redd&
