1612 3008
191 161 254 207 O'R
270 162 291 205 A
305 161 326 205 Τ
340 160 352 203 I
367 158 389 203 0
422 156 527 203 LWIII.
633 163 674 210 565

69 298 384 390 ORATIO
442 295 633 386 LXVIII.

335 485 361 518 tn

54 622 263 693 uruntur
306 619 640 705 euumrtorus,

268 766 411 815 alterchabr'u
504 820 508 825 ,

320 890 409 937 AB.

32 1009 251 1056 HUGONE
289 1005 659 1055 BLEISWYCKIO.

17 1151 103 1236 Non
116 1165 156 1200 me
166 1151 227 1217 fugit
239 1151 264 1199 in
276 1165 341 1199 novo
353 1147 401 1200 hoc
413 1148 520 1199 exercitii
532 1162 674 1214 generemu-
727 1178 743 1192 c

61 1227 90 1261 va
104 1215 164 1264 mihi
177 1228 256 1279 parata
267 1213 352 1273 judicia
360 1230 367 1270 ;
376 1211 423 1262 srve
434 1213 545 1265 illorum,
556 1225 675 1275 quospet-

17 1277 90 1326 cellet
103 1278 226 1342 inopinata
239 1277 288 1326 haec
307 1277 333 1325 in
353 1275 474 1340 publicum
492 1272 625 1338 prodeundi
640 1275 675 1324 li·
732 1309 741 1323 .-

16 1339 111 1397 bertas‚
129 1340 172 1406 qui
184 1340 307 1389 tenuitatis
318 1355 376 1389 mea
393 1336 537 1388 conscientia
555 1349 676 1394 retentus,

16 1402 130 1453 hactenus
156 1403 236 1461 latui3
258 1401 306 1451 five
327 1403 448 1458 aliorum,
472 1397 556 1465 quibus
584 1398 676 1450 vilescit
746 1400 752 1407 '
777 1453 781 1459 ,

17 1464 136 1529 ququuid
150 1466 176 1512 in
192 1464 237 1513 hac
253 1463 443 1514 doctissimorum
458 1465 564 1512 vitutum
581 1465 674 1512 cotona
744 1514 746 1518 ,

17 1513 136 1591 proicitur
148 1541 199 1573 nou
211 1523 267 1574 satis
277 1524 432 1575 elaboratum.
465 1524 509 1573 Sed
526 1536 551 1571 ut
571 1524 674 1574 infirmi-

17 1589 74 1637 tatis
86 1601 145 1636 meae
157 1585 237 1645 sensu,
254 1601 327 1650 quam
339 1603 389 1636 nott
399 1586 486 1634 invitus
504 1582 609 1659 agnosco
624 1620 632 1643 ,
646 1590 674 1637 &

15 1649 219 1714 superciliosotum
246 1648 374 1701 hominum
402 1660 544 1713 prematurrs
566 1648 674 1708 judiciis,

16 1728 78 1777 quos
91 1711 197 1761 infantiae
207 1709 250 1760 suat
264 1713 326 1776 cepit
340 1712 452 1770 oblivio,
465 1714 490 1761 &
507 1711 548 1774 qui
563 1725 613 1760 uon
628 1711 675 1763 nisi

17 1789 70 1841 quae
89 1774 165 1830 ,desta
185 1772 237 1824 sunt
254 1774 365 1825 admirari
378 1774 478 1832 solent,
508 1773 572 1824 haud
587 1789 673 1839 parum

15 1839 228 1888 commoveottita
240 1850 323 1886 contra
335 1837 395 1888 mihi
407 1835 483 1887 subdit
495 1837 611 1894 animum,
617 1849 672 1888 tum

16 1901 171 1951 humanitatis
182 1899 261 1950 vestra
278 1901 426 1958 recordatio,
441 1913 500 1948 tum·
507 1898 607 1949 instituti
621 1902 672 1950 mei

15 1965 84 2013 tatio.
118 1962 234 2014 Liberalis
255 1965 321 2014 enim
342 1966 367 2014 &
388 1963 484 2028 ingenui
504 1963 672 2013 adolescentis

16 2024 123 2075 officium
146 2023 192 2076 effe
213 2023 327 2085 arbitror,
341 2026 415 2076 studia
426 2024 466 2076 sua
477 2025 627 2090 protrudere,
643 2030 672 2077 δε

16 2088 132 2154 generoso
144 2102 232 2140 conatu
245 2090 275 2140 ad
287 2087 385 2138 laudum
398 2089 493 2153 fastigia
503 2091 564 2138 'eniti
577 2106 583 2137 e
599 2089 670 2138 Adeo

15 2163 41 2199 ut
53 2166 104 2200 nou
116 2153 142 2202 in
154 2152 254 2201 audaciae
266 2155 357 2202 crimen
369 2166 425 2201 meo
438 2151 527 2213 judicio
545 2152 607 2201 trahi
627 2152 673 2201 de·

15 2211 70 2262 bete
82 2212 265 2271 videntumsed
276 2214 429 2281 laudari,qui
442 2214 562 2279 profectus
569 2213 602 2265 sui
609 2229 669 2278 qua-

12 2273 135 2340 liscunque
147 2275 274 2341 specimina
291 2275 415 2336 exhibere,
432 2280 458 2328 &
475 2277 600 2327 latIuitatis
618 2277 668 2326 stu·

13 2338 80 2388 dium
91 2339 185 2402 publica
198 2341 277 2404 aliqua
290 2342 407 2390 Oratione
426 2339 530 2406 profiteri
548 2355 599 2389 non
615 2355 670 2389 etu-

12 2399 116 2452 beseunt.
148 2407 216 2452 Hane
228 2406 292 2453 viam
302 2401 423 2461 insistens,
438 2403 507 2452 statui
521 2406 546 2453 &
562 2417 610 2468 ego
622 2418 667 2468 pto

11 2465 103 2531 ingenii
115 2466 163 2514 mei
178 2466 292 2524 modulo,
307 2468 433 2521 materiam
445 2479 501 2516 ante
513 2481 553 2515 me
565 2464 669 2530 auspica·

11 2540 63 2577 tarn
77 2527 375 2589 ,declamatiunculamea
388 2527 514 2595 persequi;
536 2527 624 2578 obnix'e
640 2533 667 2579 ὅ(

11 2605 59 2709 gua
82 2589 175 2658 possum
196 2593 272 2641 animi
291 2591 432 2643 demisfione
447 2592 461 2642 a
475 2592 544 2641 vobis
566 2603 667 2640 conteu-

29 2670 83 2717 em,
98 2668 124 2710 ut
135 2655 276 2708 tenuitatem
288 2670 382 2772 meffff'
397 2659 422 2711 ut
435 2657 460 2710 in
472 2653 574 2707 dicendo
585 2645 675 2758 a&

685 2745 696 2765 t
