1612 3008
95 122 143 170 4⁵2
230 104 417 170 Jacosr
449 70 640 154 cuu'crr

95 209 197 272 jestatis:
213 206 279 272 quod
292 208 383 258 nullam
403 205 493 267 justitiae
506 205 632 256 rationem
647 207 751 258 habeat,-

97 278 124 323 ὅ(
138 272 255 336 denique,
269 271 336 332 quod
346 271 403 317 totis
414 268 502 317 sitibus
513 268 543 317 ad
556 268 649 319 statum
669 276 751 337 Reipu-

95 334 163 387 blicae
175 335 342 389 evertendum,
359 335 384 380 dc
397 330 569 404 opprimendos
585 330 697 383 subditos
709 336 753 384 erri-

97 411 174 448 tatur:
191 396 256 462 quod
276 410 311 444 res
329 397 408 459 Regni
432 410 457 441 ιιι
477 395 611 458 perniciem
634 396 751 461 publicam

97 472 240 527 corfrtat,
261 458 335 513 bella,
356 458 493 513 fitstiones,
519 454 616 505 diffidia
644 463 752 515 nutriat,

98 525 216 574 Primores
229 518 373 584 Reipublicae
387 520 521 584 opprimat,
536 520 620 569 aeraria
641 521 750 588 dlffipm

99 586 206 641 minuat,
222 584 323 639 alienet,
338 598 381 630 trec
393 598 451 646 opes
464 594 559 629 tantum
575 581 704 645 publicas,
717 582 749 633 std

100 648 237 710 &privatas
250 644 397 695 subditorum
410 643 544 701 exhauriat,
561 648 642 695 &vel
655 649 680 697 vi
693 663 706 697 a
731 660 748 694 ι-
781 666 784 675 ·

103 710 144 767 ri,
159 712 197 759 vel
211 707 332 759 fraudibus
353 706 457 756 subditos
475 707 582 771 expilct,
598 722 625 757 ut
647 710 679 759 ad
705 724 746 759 une

99 788 166 825 mam
179 787 257 820 rerum
270 769 400 837 angustiam
413 769 515 827 redacti,
529 771 644 821 violento
656 774 749 837 elusim·

101 836 169 903 petio
181 834 282 884 refisterc
295 845 422 899 nequeant.

132 900 231 949 Habetis
242 897 281 947 hic
293 899 387 963 paucis,
403 896 546 956 Auditores,
562 914 665 958 ueram,
681 900 749 972 &gt

100 963 200 1013 nuinam
221 962 328 1028 Tyranni
353 960 505 1071 imppinems
526 962 638 1027 quamsi
656 962 750 1027 penitius

102 1022 144 1073 ins
152 1025 268 1083 iciamus,
285 1024 340 1088 quis
350 1026 394 1073 ini
414 1024 463 1071 ain
482 1025 578 1083 cuium,
594 1026 749 1075 mores&in-

136 1041 152 1136 i
465 1040 562 1153 iepingi
583 1083 750 1138 &adumbrati

100 1165 152 1201 non
169 1149 255 1200 videt?
277 1158 311 1199 At
324 1185 333 1207 ,
347 1146 439 1214 inquies
454 1187 461 1204 ‚
485 1151 582 1199 titulum
600 1149 701 1210 habuit5
715 1150 751 1199 la·

100 1209 152 1260 buit
163 1226 239 1270 certe,
262 1226 332 1278 atque
340 1212 559 1261 ideoinnumerum
566 1206 750 1278 eorumquiabi·

101 1288 149 1338 que
160 1276 230 1325 titulo
243 1273 426 1338 Rempublicam
437 1275 567 1331 invadunt,
582 1292 634 1325 non
657 1274 704 1326 esse
720 1289 753 1325 rt·

102 1337 241 1402 ponendum
258 1339 398 1395 censemus,
413 1336 444 1386 ad
464 1353 536 1403 quem
555 1338 617 1399 justo
636 1336 753 1389 sncceffio·

103 1401 140 1451 nis
152 1402 237 1456 titulo,
255 1415 361 1450 necnon
379 1400 428 1463 jure
446 1398 595 1450 haereditario
616 1402 753 1451 devolutum
778 1398 785 1409 '

103 1460 137 1511 est
151 1465 212 1513 olim
229 1465 255 1512 in
274 1466 313 1514 Bel
333 1464 382 1512 ium
400 1464 541 1526 imperium,
556 1459 598 1512 sed
617 1470 753 1529 Tyrannum

102 1524 203 1577 dicimus
216 1480 586 1582 adminiliratione&exercitim
602 1528 641 1575 vel
663 1526 754 1577 Castris

102 1587 173 1653 ipsius
194 1592 278 1641 Caroli
294 1589 378 1655 Qrinti
398 1589 491 1649 judicio.
510 1603 613 1652 magnus
628 1592 699 1639 enim
719 1588 754 1636 illc

103 1655 247 1715 Imperator,
261 1653 313 1714 post
326 1664 363 1700 tot
374 1649 498 1715 tantasque
513 1652 610 1713 Imperii
629 1668 711 1708 curas,
722 1662 754 1698 tot
792 1672 796 1691 ι

102 1715 238 1762 exantlatos
251 1713 359 1772 labores,
373 1727 410 1762 tot
423 1711 529 1762 emensas
546 1727 604 1762 cum
625 1711 754 1764 incredibili

101 1771 201 1824 successu
220 1776 401 1839 expeditiones,
428 1792 515 1825 novem
535 1778 561 1824 in
582 1780 754 1829 Germaniam,
794 1833 796 1841 ¹

101 1834 142 1886 sex
155 1839 180 1886 in
194 1836 316 1900 Hispanias
329 1875 335 1897 ,
356 1836 446 1902 septem
459 1840 485 1887 in
498 1840 593 1887 ltaliam
606 1872 614 1894 ,
636 1839 722 1889 decem
733 1838 754 1885 in

100 1899 222 1964 Belgium,
238 1913 339 1963 quatuor
350 1916 407 1964 pace
421 1905 445 1950 δε
456 1899 522 1949 bello
535 1902 560 1948 in
574 1901 698 1958 Galliam,
710 1896 755 1966 poll

101 1959 158 2010 bina
173 1965 200 2011 in
219 1965 324 2013 Africam
344 1965 437 2073 perspici
455 1964 561 2021 itinera,
589 1980 645 2013 cum
667 1962 755 2013 suneslo

102 2026 235 2074 Germanic
253 2025 318 2074 bello
335 2029 401 2089 supet
411 2025 479 2074 edere
501 2025 569 2075 staret
581 2023 719 2085 sententia,
734 2027 755 2074 dt

101 2088 150 2149 jam
169 2091 245 2154 gravis
267 2101 333 2141 atate
352 2089 496 2152 laudumque
511 2090 606 2150 Imperii
620 2086 705 2145 satur,
725 2102 756 2135 re·

100 2150 179 2200 ditum
191 2153 215 2200 in
228 2150 363 2216 Hispaniam
376 2166 479 2215 parans,
500 2150 524 2198 in
543 2153 593 2200 alto
608 2150 642 2199 lbi
658 2155 684 2201 ὅ(
696 2164 757 2199 tmu-

100 2215 179 2276 quillo
196 2216 248 2262 otio
268 2217 385 2279 reliquum
404 2215 456 2261 vitae
480 2210 636 2263 transacturus
652 2248 660 2269 ,
680 2212 758 2260 omni-

100 2275 143 2323 bus
161 2274 184 2323 se
206 2278 297 2341 Regnis
317 2293 344 2327 ac
368 2277 474 2341 imperiis
497 2274 617 2326 abdicavit
640 2275 758 2323 maximus
794 2276 796 2281 '

100 2342 233 2400 Imperator
245 2372 252 2393 ,
270 2343 295 2388 δε
314 2340 422 2403 Philippo
437 2337 488 2387 filio
500 2354 602 2387 omnem
614 2336 710 2401 Imperii
721 2350 757 2383 cu·

101 2413 153 2447 ram
167 2400 307 2456 commisit,
323 2417 424 2465 eumque
443 2399 484 2464 (ut
501 2400 559 2449 boni
574 2400 625 2448 sere
643 2400 758 2463 Principes

101 2461 164 2514 hand
183 2476 235 2509 raro
253 2461 348 2512 solliciti
365 2463 416 2512 sunt
434 2465 463 2512 de
488 2460 648 2513 Succeilbrum
665 2459 759 2511 suorum

102 2526 126 2572 in
146 2523 326 2586 llcmpublream
346 2524 445 2589 sludio)
469 2523 529 2574 serio
555 2525 696 2577 adhortatus
714 2522 760 2577 ests

97 2602 150 2645 uon
167 2583 264 2649 setrrel,
284 2585 325 2643 sed
345 2587 501 2649 identidem,
521 2585 671 2653 prcsentibus
696 2588 760 2637 Prin-

715 2649 770 2708 cipe.

100 1087 134 1137 do
145 1104 183 1139 ern
200 1086 298 1154 Hispani
318 1087 347 1136 ad
367 1085 447 1135 vivruu
