1612 3008
69 392 115 442 23⁶
201 384 388 449 Jacoar
419 386 605 434 cuucrr

68 483 102 531 vit
113 482 249 533 Calumnia.
265 482 354 532 Ardere
366 493 403 532 tot
416 483 465 544 jam
478 496 554 532 annos
573 480 654 531 facem
667 480 721 531 civi·

67 547 127 594 lium
139 544 273 595 bellorum?
287 544 393 593 accendit
412 546 547 595 calumnia.
580 547 686 609 Populos
698 547 722 594 in
764 552 768 559 ¹

69 613 167 671 Reges,
184 615 262 674 Reges
275 609 300 656 in
314 608 415 673 populos
427 610 555 663 concitari,
570 608 723 672 legendejuta
763 652 767 671 ,

68 671 166 727 violari,
178 671 270 721 vincula
283 668 493 734 consanguinitatis
505 668 627 734 diffringi,
639 671 722 719 omnia

68 734 172 798 denique
179 731 267 782 sursum
280 748 307 781 ac
320 730 429 781 deotlum
434 733 508 782 volvi?
515 749 566 781 non
572 732 669 782 aliunde
676 734 722 783 lraec

68 793 723 859 trilliss'rmamaloruminitia,quam{calumnia&lin-

69 856 457 924 goariohocflabello.0tempora
465 893 472 914 ,
480 856 596 907 timores!
606 859 653 907 Ubi
660 862 723 907 euim

71 923 165 969 Caritas
176 920 318 977 illatotiesh
327 922 399 979 christo
411 921 542 978 inculcata,
559 934 597 969 tot
621 923 724 985 receptis

69 982 213 1038 tradita,tot
219 985 294 1032 titulis
301 997 431 1038 exornata,
444 996 495 1032 tam
509 934 723 1047 anri‘eaghpoho·

34 1068 35 1074 ¹
62 1045 98 1095 'lis
111 1046 292 1102 commendata,
307 1059 358 1094 tam
370 1043 448 1094 sande
468 1046 529 1095 inter
544 1043 607 1110 ipsos
615 1045 711 1095 habital

101 1107 145 1158 Sed
157 1124 187 1157 ne
195 1125 253 1164 ros,
267 1109 408 1165 Auditotes,
419 1109 525 1174 longiori
536 1110 661 1158 Orationis
674 1124 724 1158 am·

69 1168 133 1228 bitu,
148 1173 199 1236 plus
212 1187 280 1237 aquo
292 1171 428 1227 detineam,
442 1170 550 1221 uenioad
563 1173 660 1221 tertiam
671 1173 725 1221 ulti·

71 1249 186 1299 mamque
201 1235 322 1284 Orationis
341 1249 400 1282 mear
416 1247 508 1297 partem
522 1249 575 1299 qua
587 1232 620 1283 ell
632 1235 663 1283 de
675 1238 725 1285 Ca·

71 1299 168 1348 lumniae
179 1300 294 1347 cautione.
327 1302 406 1360 Qram
418 1296 495 1361 liquis
504 1299 539 1345 ita
552 1297 725 1360 accepitutirn·

70 1375 171 1410 munem
182 1372 307 1425 tutumque
320 1358 349 1407 ab
362 1362 431 1408 omni
448 1360 569 1409 adomnia
579 1358 686 1409 futurum
703 1357 725 1409 se

70 1421 161 1486 speret,
176 1439 211 1471 na
227 1422 267 1472 ille
281 1423 382 1487 graviter
396 1422 572 1481 hallucinatur,
592 1436 669 1487 eaque
684 1420 725 1471 fibi
767 1432 769 1449 ¹

71 1483 191 1548 persuadet
209 1519 216 1542 ,
239 1488 265 1534 δι
283 1485 408 1548 pollicetur
426 1499 476 1549 qua
489 1483 578 1535 sortem
593 1484 724 1534 humanam

72 1546 196 1596 excedunt.
211 1543 450 1611 Qridergoiduobus
463 1548 503 1596 hic
511 1547 599 1612 clypeis
611 1545 725 1612 opusest,

70 1610 114 1674 qui
120 1611 171 1659 vim
177 1609 239 1672 ejus,
256 1612 280 1660 δι
289 1611 365 1658 aciem
373 1609 513 1667 retundant,
528 1617 640 1669 ratumne
654 1613 679 1660 δι
689 1624 726 1673 pa·

70 1676 146 1721 tienria.
161 1674 309 1723 Innocentia.
330 1677 396 1722 Nam
405 1685 430 1721 ut
445 1673 507 1723 locis
517 1673 601 1737 politis
612 1672 728 1724 &nitidis

72 1736 113 1784 vix
120 1733 224 1787 sordium
235 1734 326 1802 aliquid
339 1734 527 1786 adhaerescittsrc
540 1751 584 1784 nec
594 1736 728 1796 calumnia,

71 1797 125 1849 vita
137 1800 233 1867 puriori.
265 1807 295 1851 Et
307 1812 332 1849 ut
345 1799 402 1851 radii
415 1799 475 1849 Solis
485 1800 511 1848 in
523 1796 617 1856 sordes,
633 1803 659 1850 δι
671 1799 727 1849 cali·

72 1867 156 1980 {antia
167 1868 221 1918 loca
233 1865 348 1930 comesti,
358 1860 472 1915 illustrant
480 1879 546 1922 ,non
557 1863 727 1938 inquinantur:

84 1944 106 1979 rc
118 1932 204 1988 virtus,
220 1933 246 1981 δι
259 1931 377 1994 inculpata
388 1930 436 1977 vita
447 1927 496 1992 qub
509 1929 586 1992 magis
598 1938 727 1991 impetatur,

74 1993 105 2044 cb
112 1995 195 2042 clarius
203 1991 317 2041 enitescit.
339 1992 424 2040 Palma
437 1990 520 2039 fimilis
529 2005 580 2054 quae
596 1990 664 2037 oneri
675 2004 726 2037 non
739 2044 742 2051 ¹

74 2057 149 2109 cedit,
166 2070 208 2102 nec
221 2056 282 2102 intra
294 2055 407 2108 flectitur,
422 2048 726 2117 sedcontrapondusaffur·

75 2118 158 2182 git,&
167 2115 288 2164 arboribus
313 2133 344 2164 ua
360 2114 389 2165 eb
400 2117 468 2165 altius
475 2115 553 2164 radice
561 2129 649 2163 terram
659 2128 726 2162 com·
741 2159 744 2163 .

72 2179 234 2244 prehendunt,
246 2132 379 2244 quodauius
391 2185 516 2228 ventorum
527 2176 594 2227 furiis
606 2177 728 2243 exagitan-

73 2254 117 2291 tur.
140 2244 255 2292 Patientia
275 2257 371 2307 quoque
396 2240 468 2289 hicsr
488 2237 586 2303 usquam
614 2254 674 2305 opus
687 2237 727 2289 est.

72 2309 104 2353 Et
116 2304 180 2355 beati
192 2302 245 2355 vere
253 2309 294 2370 qui
305 2321 359 2355 earn
370 2302 494 2368 spernunt,
512 2306 536 2353 ἃ
549 2301 680 2351 laceffcntis
691 2317 728 2350 ca·

72 2367 169 2418 lumniae
182 2370 254 2425 icius,
270 2368 436 2418 bacchationes
445 2402 451 2424 ,
459 2365 548 2415 scenica
556 2363 729 2428 maledidady-

72 2431 264 2495 cophantiasrisu
278 2432 404 2495 excipiunt.
423 2430 536 2479 Nominis
548 2428 640 2477 famam
653 2429 729 2476 incur·
761 2468 769 2477 .

71 2492 118 2551 sat,
136 2495 271 2559 peil'nndat,
285 2496 389 2559 jugulat?
405 2493 486 2556 magni
500 2487 546 2539 ess'e
559 2492 635 2539 animi
647 2502 729 2554 putant

72 2571 123 2604 non
135 2558 297 2612 commoveri,
314 2572 363 2603 non
376 2557 485 2611 concuti,
502 2554 552 2603 imb
563 2552 639 2602 ridere
652 2554 729 2609 illam,

74 2620 100 2666 bc
120 2618 245 2684 indignam
270 2618 389 2672 arbitrari,
405 2618 434 2665 ad
454 2633 527 2680 quant
539 2617 652 2664 virtutem
665 2615 731 2665 suam

73 2679 184 2738 flebant,
199 2680 321 2743 sumtaque
330 2674 449 2728 'laudabili
460 2678 564 2745 lirperbia
579 2714 587 2736 ‚
603 2682 628 2729 ὅ(
642 2679 732 2727 cando·

73 2744 105 2792 tis
119 2744 217 2807 clypeo,
232 2742 428 2791 calunmiantium
439 2742 536 2792 dicteria
547 2754 665 2807 tarrquam
678 2744 732 2790 lon-

74 2806 163 2869 ginqua
174 2808 233 2860 tela,
250 2810 274 2855 δι
286 2802 394 2853 sarraline
407 2807 502 2854 vulnere
516 2807 576 2852 circa
590 2805 670 2870 galeas
682 2818 729 2852 cre·

69 2867 189 2934 pitantia,
204 2882 241 2920 aut
255 2869 318 2919 velut
341 2869 463 2920 minotauri
480 2882 565 2919 carrum
579 2868 731 2977 importunos

645 2940 733 2979 2212(le
