1612 3008
182 259 205 305 0
220 260 381 306 RATIO
408 261 544 309 XLVIII.
647 280 692 323 425

41 362 119 409 lamus
141 392 149 416 ,
180 361 246 425 quod
262 374 345 411 autem
362 358 412 409 lieri
432 377 483 410 non
497 359 584 425 poterit
601 358 644 407 nifi
664 364 695 412 ad

40 421 146 483 ejusdem
173 426 260 489 linguar
285 421 415 487 perfectam
447 426 612 485 cognitionem
637 439 694 471 con-

40 487 175 537 tendamus.
207 493 346 537 rotrocum
366 500 452 533 omnes
471 487 558 549 lingua
575 482 625 532 suas
641 501 695 548 pro·

40 550 152 611 prietates
165 548 280 603 habeant,
294 550 320 597 dr
331 548 408 595 varios
420 550 535 610 loquendi
555 547 642 595 modos
653 550 696 610 qui

41 611 145 675 intelligi
164 626 214 658 non
235 606 327 673 poll'uut
345 624 372 658 ac
390 610 491 674 percipi,
510 606 554 659 nifi
571 607 601 655 ab
612 610 641 657 iis
653 612 695 673 qui

41 674 67 720 in
89 674 175 736 linguis
191 674 295 719 maxime
314 672 383 735 periti
399 672 517 721 feruntur·
532 670 640 720 infinitos
653 687 693 720 :ru-

41 748 92 781 tem
107 732 258 789 oracismos,
273 734 401 789 dialestos,
415 734 501 799 figuras
519 740 598 782 Graca
613 735 694 798 lingua

43 799 187 853 contineat,
209 796 234 844 id
254 796 319 860 quod
337 794 426 843 laboris
444 799 488 845 erit
505 796 536 845 iis
550 811 580 843 eo
597 796 695 846 nol'cen·

43 857 80 905 dis
95 874 193 906 omnem
206 874 303 922 operam
320 858 442 907 intendere
460 854 549 907 necesse
560 810 607 907 ed:
623 860 695 920 Quod

42 920 61 969 li
86 920 128 968 liat
154 936 204 968 non
218 921 344 970 verborum
361 918 466 983 ipsorum
483 918 694 971 &sententiarum

42 981 193 1032 difficultates
205 1018 213 1040 ,
225 981 265 1033 sed
278 986 303 1033 δι
316 980 477 1031 abstrulillima
494 996 592 1047 quaque
610 983 696 1032 facilli·

44 1061 87 1094 mo
99 1045 180 1095 larlrore
193 1047 294 1109 intelligi
307 1057 424 1108 poterunt.
458 1046 501 1095 Sed
507 1046 549 1095 illa
561 1047 633 1095 etiam
647 1046 695 1095 dif-

43 1109 115 1157 licina
135 1112 159 1158 δι
183 1123 234 1172 quse
254 1109 319 1173 vulgi
337 1120 433 1171 captum
445 1108 564 1158 excedunt
584 1144 591 1165 ‚
610 1124 661 1172 qua·
680 1110 693 1159 ὲ

45 1170 149 1219 Patribus
167 1170 252 1219 nostris
272 1172 412 1230 Augustino,
429 1173 579 1231 Chaylastomo,
595 1178 691 1235 (gaarma

45 1236 70 1283 δι
84 1235 135 1282 aliis
149 1232 249 1281 fideliter
260 1234 377 1295 explicata
394 1229 446 1280 sunt
462 1232 581 1297 (quorum
598 1234 693 1297 opinio-

45 1312 86 1343 nes
97 1296 127 1343 de
140 1298 207 1343 rebus
225 1297 348 1343 contemni
360 1310 410 1343 non
421 1294 525 1359 debent)
541 1294 654 1343 levillima
667 1310 695 1343 o·

47 1372 101 1421 pera
115 1356 228 1422 cognosci
246 1368 364 1421 poterunt.
395 1359 442 1417 Qui
460 1372 514 1406 cum
532 1372 617 1405 omues
635 1372 695 1420 pene

46 1423 121 1469 Greci
131 1422 217 1469 luerint
231 1423 256 1469 δι
268 1420 315 1468 lroc
328 1419 432 1468 maxime
453 1420 569 1467 idiomate
586 1417 618 1467 usr
632 1453 638 1475 ‚
654 1420 696 1483 qui

46 1498 102 1531 vcro
122 1483 223 1541 Latini,
252 1496 302 1530 tam
325 1484 401 1530 multa
422 1483 513 1531 Latinis
533 1488 614 1531 Grata
628 1497 695 1529 com·

45 1543 175 1603 miscuill'e,
185 1557 210 1591 ut
228 1544 353 1593 difficulter
371 1542 420 1593 sinc
430 1560 458 1593 ea
471 1545 547 1594 intelli
567 1542 673 1607 ipoffint
688 1562 696 1601 3

46 1609 105 1673 Quis
118 1624 168 1657 non
182 1606 249 1667 hujus
261 1608 347 1669 lingua
360 1609 523 1671 cognitIonem
542 1560 633 1655 damme
650 1605 697 1653 llu-

45 1669 114 1718 diol'o
127 1664 278 1718 necelsariam
293 1664 358 1724 effe,
377 1669 419 1733 qui
436 1670 461 1717 in
482 1668 595 1717 omnibus
610 1670 697 1731 peritus

47 1730 128 1779 habeti
145 1731 224 1785 velit,
244 1727 366 1779 fateatur?
387 1730 458 1791 Qrod
473 1744 503 1778 ne
520 1732 608 1778 mirum
627 1730 696 1777 alicui

47 1792 122 1841 videti
144 1790 231 1857 poflit,
248 1792 418 1853 experientiam
435 1788 511 1855 ipsam
530 1788 697 1845 consulamus,

49 1858 75 1905 δι
88 1853 117 1904 ab
129 1866 216 1903 eventu
227 1853 369 1915 quotidiano
381 1868 432 1906 rem
442 1853 574 1917 judicemus
591 1886 599 1911 ,
618 1850 696 1904 certis·

47 1916 133 1967 limum
145 1918 211 1966 enirn
223 1914 270 1963 hoc
280 1912 371 1981 semper
380 1912 447 1967 firill'e
458 1918 585 1971 maallello
597 1915 650 1967 satis
658 1932 700 1981 ap·

46 1994 120 2092 taret.
153 1978 199 2029 Ubi
213 1994 266 2027 cum
278 1982 303 2029 in
317 1981 396 2045 precio
409 1984 490 2046 aliquo
502 1986 528 2032 δι
542 1981 657 2046 dignitate
668 1979 699 2029 ab

65 2042 184 2093 ominibus
199 2046 279 2093 Graca
291 2043 466 2110 linguanabiea
476 2044 535 2101 fuit,
551 2048 576 2095 ἃ
589 2043 698 2094 manibus

48 2104 204 2157 studiosorum
221 2103 357 2181 scholisque
374 2104 459 2155 versari
479 2109 572 2170 erepit,
600 2123 631 2156 ne
647 2122 700 2155 ma-

48 2185 107 2247 gnas
121 2170 219 2236 quidem
230 2168 312 2219 solum·
320 2167 375 2233 rpsrs
385 2165 485 2219 attuliss'e
503 2172 637 2227 utilitates,
657 2167 697 2217 sed

47 2234 156 2285 infinitos
167 2234 241 2283 etiam
253 2247 343 2281 errores
353 2233 455 2281 rctedios
464 2229 538 2281 fuill'e.
572 2232 643 2295 Qtod
654 2246 700 2279 no·

48 2296 86 2345 stri
105 2309 202 2360 quoque
218 2294 288 2344 seculi
305 2295 418 2358 exemplo
441 2294 553 2358 colligere
564 2294 618 2341 licet
631 2328 638 2349 ,
649 2308 699 2356 quo

49 2374 104 2407 curn
122 2358 198 2422 magia
212 2357 274 2420 apud
290 2356 401 2407 homines
417 2357 494 2405 valere
511 2356 585 2417 eoepit
597 2358 623 2405 δι
633 2370 699 2403 exer·

49 2421 113 2475 ceri,
133 2423 206 2469 etiarn
222 2418 263 2481 ipri
282 2424 302 2468 S.
316 2422 435 2484 Scriptura
451 2418 528 2468 lucem
540 2432 589 2465 nou
602 2432 699 2480 parvam

49 2478 162 2533 accellill‘e
182 2479 322 2539 videamus,
344 2486 370 2533 δι
389 2483 476 2530 multas
493 2478 652 2543 perversorum
673 2494 700 2528 ac

49 2544 203 2609 reproborum
217 2540 465 2608 hareses³patefa6ias
477 2572 485 2595 ,
499 2557 558 2606 quas
581 2542 681 2590 ruditate
693 2574 702 2597 ,

50 2611 75 2657 δι
92 2607 227 2671 ignorantia
242 2605 376 2669 linguarum
386 2606 536 2669 pertinaciter
554 2606 631 2669 magis
648 2619 700 2651 rna-

50 2669 132 2735 ginue
155 2665 279 2717 tuebantur
297 2682 324 2717 ac
344 2666 524 2718 confirmabant.
557 2671 641 2730 Neque
659 2681 700 2713 vc·

50 2748 79 2783 ro
110 2731 176 2798 qaod
205 2730 317 2781 nonnulli
346 2731 456 2783 <liukart
501 2730 575 2781 etiam
606 2736 711 2840 ἓξὲξ
