1612 3008
51 746 55 752 .
80 698 127 750 effe
139 704 165 751 δι
177 716 223 750 erto

81 173 126 218 ,ιο
192 154 603 220 Jneosrcttucrt

79 274 131 323 quc
142 260 182 309 vel
195 259 221 308 in
232 257 369 322 Principum
382 256 450 305 Aulis
463 255 576 313 traiicri,
588 254 629 304 vel
644 258 755 309 Rerum·

80 320 226 388 publicarum
239 318 344 371 consiliis
354 319 439 385 agitari
451 318 529 369 solent
547 354 554 377 ,
570 334 623 368 non
635 318 670 368 de
681 317 754 371 bellis

81 383 214 442 civilibus,
230 387 256 435 &
268 399 327 450 quas
339 384 365 432 in
377 397 451 448 genus
465 382 600 432 humanum
612 382 753 447 imponant

80 447 353 511 calamitatemclades,
368 447 497 503 lanienas,
512 443 609 495 urbium
629 447 659 497 &
679 460 753 513 agro·

79 527 134 562 rum
146 512 361 576 depopulationes,
375 525 419 558 nec
429 509 533 574 tragicos
545 509 689 574 Principum
701 511 752 560 exi·

79 586 189 631 tus,non
201 573 329 640 Regicidia
341 586 393 636 quae
406 573 462 621 viris
477 571 604 632 justitiam.
613 586 707 636 pacem
724 576 751 625 δι

80 639 151 703 Reip.
169 652 222 687 tran
241 638 369 686 uillitatem
381 635 516 684 amantibus
528 634 653 685 horrenda
667 633 751 687 solent

224 651 294 759 imin
305 697 402 748 scenam
413 696 453 746 iric
460 696 631 763 producereest
639 698 750 759 animun

78 762 119 814 sed
131 766 247 814 eximium
260 763 369 813 oratoris
380 764 464 811 locum
473 761 583 811 exercitii
606 762 689 828 gratia
706 778 749 815 ex·

80 829 168 904 plicare
180 824 301 884 conabor,
317 828 343 875 &
356 825 455 887 quidem
466 839 523 874 eum
536 824 580 890 qui
598 840 616 873 n
651 839 685 874 ue
700 826 748 875 hoc

80 885 603 956 indignuslocomecauribusvestrisiogratus
643 904 659 936 e
699 887 745 941 ffit.

112 955 210 1003 Etenim
221 970 275 1002 cum
290 954 401 1002 omnium
413 951 549 1001 Doliomm
560 948 653 1001 consen
666 967 681 1001 u
688 966 747 1017 pre·

80 1019 143 1068 clara
155 1016 208 1067 sunt
220 1019 246 1067 ἃ
259 1032 313 1066 vere
326 1031 408 1072 aurea,
424 1029 476 1079 quae
495 1013 525 1063 de
545 1012 639 1065 Officiis
657 1015 714 1067 sunt
732 1013 746 1066 i

80 1095 172 1146 magno
184 1082 229 1130 illo
242 1086 329 1129 cicerone
339 1078 441 1136 tradits3
456 1089 509 1126 tum
521 1075 580 1127 illud
595 1092 663 1128 certe
678 1093 745 1144 egre·

80 1146 162 1209 glum,
180 1143 245 1209 quod
259 1144 289 1192 de
303 1146 463 1203 ,Adolescmtum
472 1141 514 1189 ille
529 1143 598 1198 ludis,
612 1142 639 1191 &
652 1156 744 1191 recrea·

78 1209 199 1265 tionibus,
217 1199 576 1272 adpolieritatemtransmili13
592 1206 683 1268 quales
698 1203 745 1254 sci·

78 1271 135 1319 licet
145 1270 181 1319 illi
191 1267 243 1318 sunt
252 1284 314 1332 ,quo
327 1272 354 1318 δι
366 1268 443 1317 modo
456 1269 480 1316 δι
494 1279 545 1316 tem
562 1281 604 1315 ore
615 1266 745 1317 instituen-

80 1333 153 1389 di‚ut'
163 1331 300 1382 honestatis¹
308 1335 334 1383 δι
346 1331 427 1380 decori
439 1331 501 1379 ratio
512 1331 543 1379 ha
589 1328 744 1381 tunllnumi

78 1394 162 1454 tobis,
179 1394 321 1452 Auditores,
335 1389 444 1442 officiosi
456 1394 594 1451 contendo,
610 1409 642 1443 ne
656 1393 743 1444 mede

78 1458 143 1509 ludis
155 1457 358 1524 agentem,ludos
370 1455 465 1506 faciatis
474 1469 526 1514 ‚aut
537 1458 563 1508 in
575 1472 642 1517 novo
649 1457 698 1508 hoc
705 1457 742 1508 di·

76 1523 147 1574 cendi
159 1536 314 1590 argumento,
329 1536 427 1588 operam
440 1536 480 1570 me
492 1520 573 1573 ludere
590 1522 726 1587 patiamini.

109 1594 146 1637 Ac
158 1591 263 1652 primum
275 1587 388 1653 quidem,
402 1583 487 1651 quibus
500 1586 583 1655 migni
595 1586 658 1639 illius
680 1590 742 1643 Ott-

76 1652 136 1699 toris
148 1650 307 1716 perspecti-aeli
319 1650 454 1717 prudentia,
462 1649 561 1699 dubium
573 1647 619 1699 effe
630 1667 685 1702 non
696 1667 740 1718 po·

77 1712 135 1770 test,
144 1717 238 1763 unicam
251 1715 365 1765 duntaxat
376 1715 437 1762 tanti
450 1713 494 1762 viri
504 1711 740 1769 sententiamomnis

73 1777 175 1825 rationis
186 1779 243 1825 loco
256 1775 301 1826 ess'e
320 1777 463 1827 habendam.
535 1808 538 1821 .

109 1845 195 1888 Verum
209 1839 225 1888 fi
238 1854 289 1888 rem
303 1841 373 1890 altius
383 1843 411 1892 ,δι
424 1838 453 1888 ab
463 1841 556 1906 origine
569 1839 607 1890 sua
620 1854 737 1905 repetere,

75 1903 101 1950 δι
114 1901 243 1965 priscorum
254 1917 392 1968 temporum
402 1909 548 1954 memoriam
566 1903 679 1955 curiofius
698 1922 737 1957 te·

75 1966 162 2027 plicare
176 1963 245 2014 nobis
257 1965 285 2013 lit
298 1969 404 2023 animus,
424 1969 476 2030 plns
488 1967 582 2031 liquido
601 1966 732 2027 constabit,

76 2033 204 2085 Oratores,
215 2028 374 2096 Philosophos
384 2066 391 2086 ,
400 2029 524 2087 Medicos,
534 2033 619 2079 Poetas
626 2065 633 2088 ‚
641 2034 667 2081 &
681 2035 736 2097 qui·

75 2091 130 2139 dem
145 2093 206 2140 incer
218 2093 323 2156 primos,
339 2090 441 2143 extitilie
455 2094 496 2155 qui
509 2109 560 2141 non
572 2096 732 2145 recreationes

72 2155 149 2204 modo
164 2156 236 2206 ludol'
249 2173 277 2206 ue
290 2169 413 2212 amarunt,
428 2154 467 2203 led
486 2157 560 2205 etiam
583 2156 612 2205 de
627 2158 656 2206 iis
668 2159 734 2208 reste

73 2217 222 2268 instituendis
232 2171 369 2270 ioclrinmn
389 2219 543 2269 tradiderunt.
575 2222 637 2268 Plato
648 2220 732 2270 Philo·

73 2279 202 2345 sopitorum
215 2285 257 2332 ille
271 2286 393 2348 Princeps,
407 2283 518 2331 ludorum
531 2283 556 2330 in
572 2278 664 2346 scriptis
685 2280 732 2334 suis

72 2347 200 2402 meminit,
215 2361 345 2412 eorumque
358 2347 487 2395 utilitatem
504 2345 681 2403 commendat,
697 2347 732 2396 le·

72 2423 123 2479 ges.
135 2407 258 2471 proscribit
271 2442 278 2464 ‚
293 2409 446 2459 conditiones
462 2407 548 2456 statuit.
591 2413 731 2458 winnlianus
742 2426 756 2433 ··

72 2485 178 2535 oprrmus
187 2469 217 2527 ,li
224 2471 362 2537 quisquam,
373 2472 466 2521 dicendi
474 2411 731 2537 magisterffiuventuti

71 2534 207 2596 periodos,
222 2536 358 2584 laxamenta
370 2537 449 2600 aliqua
460 2533 613 2583 concedenda
627 2530 674 2583 elle
690 2534 727 2583 se-

72 2598 108 2643 rio
120 2597 247 2646 contendit
255 2614 317 2647 :non
330 2597 408 2647 solum
420 2598 475 2662 quin
488 2597 549 2647 nihil
558 2595 663 2662 estquod
670 2612 725 2670 per·

61 2658 129 2710 rerre
133 2658 210 2733 potiit
222 2663 366 2715 continuum
378 2658 549 2721 laborem,l'ei
558 2659 626 2727 quod
633 2659 736 2771 εὲξὼὶἐῇ,

41 2904 75 2960 Ι.
