1612 3008
202 162 213 177 .
247 134 558 186 ounrlovm
695 148 723 190 72

65 247 148 295 nerra,
165 246 235 285 tanto
246 233 348 284 deterior
362 233 390 284 fit
403 235 522 309 implebor.
537 230 630 285 Contra
644 232 722 285 solum

69 297 135 360 quod
148 315 190 365 per
201 297 429 364 duritiem,ligoner
439 313 479 356 vrri
492 298 611 356 admittit,
623 310 663 347 aut
675 313 726 346 ara-

67 363 97 410 tri
111 361 212 412 dentem
222 359 355 418 ,subudum
370 363 432 424 jam,
444 361 511 410 illico
524 360 642 411 fructuum
652 359 726 410 ubet-

67 435 116 474 rate
129 426 241 476 luxuriat.
255 425 371 489 Exempla
384 425 455 474 vultis
467 423 598 474 adducam?
613 424 726 475 intuemi-

65 489 90 535 ni
97 489 160 537 mihi
167 489 311 537 Ciceronem
320 486 521 544 ,Demosthenem
528 521 536 544 ‚
543 489 677 543 Platonem,
687 493 721 537 Α·

65 550 245 607 ristotelem‚&
257 551 319 600 alios
324 548 384 615 pene
391 551 543 608 innumeros,
564 566 649 600 uorum
655 566 724 599 men·

65 613 159 663 tionem
171 613 229 663 facit
243 614 380 678 Antiquitas
394 628 401 659 z
418 628 480 678 quoa
494 628 544 662 riori
558 615 594 663 illi
608 612 701 665 labores
717 649 725 671 ,

65 689 124 740 quas
145 691 197 725 non
216 675 330 742 vigillas,
349 673 545 733 lucubrationes,
567 677 726 726 incommoda

66 738 164 805 perpessi
186 737 260 788 sunt?
280 752 340 804 quaa
355 754 406 787 non
420 739 561 789 devorarunt
577 737 721 789 molestias?

66 815 125 866 quar
141 802 246 867 denique
262 816 313 851 nou
332 798 480 868 susceperuut
501 804 724 876 peregrinationes:

68 866 108 914 alii
119 867 145 914 in
159 865 276 915 Gratiam
285 866 340 922 ,alii
351 866 378 914 in
390 871 516 932 AEgyptum
524 867 580 922 ,alii
588 866 724 923 inltaliarm

66 939 91 975 ut
104 927 225 978 dostiores
236 928 335 978 tandem
346 927 470 978 redirent?
485 935 523 978 lta
537 927 571 977 est
588 928 725 978 Auditorer.

66 989 220 1040 Ambrofiam
232 990 294 1040 hanc
305 992 347 1065 qui
358 993 398 1042 vel
409 992 531 1042 tantillum
544 989 674 1048 delibavit,
689 989 725 1039 sa·

66 1055 121 1102 riari
134 1067 163 1101 ea
174 1053 333 1118 nequitzquia
344 1056 432 1105 mentia
443 1052 526 1103 nostra
539 1053 632 1102 samem
644 1053 723 1129 gusta-

66 1127 92 1164 ta
105 1113 179 1164 semel
191 1117 267 1190 magis
279 1118 353 1177 acuit,
362 1120 393 1168 'dc
405 1119 493 1172 irritat,
510 1119 535 1166 &
549 1115 599 1182 quo
612 1118 682 1166 altius
696 1118 724 1168 in

66 1193 113 1228 nos
126 1175 261 1237 descendit,
275 1180 306 1230 ei)
322 1181 372 1248 (ita
383 1197 423 1231 me
436 1177 508 1231 Musae
518 1176 616 1242 ament)
628 1182 722 1244 impen-

66 1239 111 1290 sius
123 1242 214 1306 placet,
222 1244 248 1292 δι
259 1245 339 1294 minus
350 1242 450 1294 molesta
461 1242 502 1293 est.
541 1243 590 1292 uod
602 1241 663 1293 licui
677 1242 725 1294 hoc

65 1303 130 1355 sorte
143 1307 230 1354 mitum
242 1306 451 1374 videtur,prodeat
462 1309 488 1356 in
500 1320 539 1356 me
557 1307 606 1355 'um
612 1304 725 1372 Chryfip·

65 1381 126 1432 pus,
139 1367 211 1419 seculi
225 1365 259 1418 sui
274 1369 360 1428 decus,
374 1372 416 1436 qui
428 1370 510 1422 lludiia
520 1369 641 1426 intentus,
657 1383 726 1420 tanta

70 1430 130 1497 sape
141 1434 264 1496 voluptate
276 1432 445 1498 perfruebatur,
462 1445 488 1490 ut
500 1432 567 1483 extri
578 1429 602 1481 se
614 1445 725 1498 raptum,

68 1498 93 1545 dc
106 1496 171 1545 velut
184 1493 337 1553 exstaticum,
352 1495 399 1546 cibi
411 1512 465 1546 eum
479 1531 487 1553 ,
501 1500 527 1547 δι
539 1510 610 1560 potus
630 1510 724 1561 caperet

66 1556 169 1608 oblivio.
203 1557 302 1608 Prodeat
314 1560 543 1611 Mathematicorum
555 1559 702 1624 Coryphaeus
714 1594 724 1619 ,

37 1636 40 1643 ’
68 1624 94 1672 &
106 1618 271 1671 solertissimus
284 1622 325 1672 ille
337 1621 439 1672 Orbium
452 1623 577 1672 caelestium
590 1619 724 1679 scrutator,

66 1683 240 1740 Archimedes,
272 1686 296 1735 ui
306 1686 332 1736 in
352 1683 421 1736 Urbis
436 1685 480 1736 sua
497 1683 641 1751 syracusana
660 1684 724 1735 dire-

66 1750 166 1813 ptione,
182 1748 241 1797 itaa
268 1765 311 1799 iius
324 1762 373 1800 erar
385 1747 454 1799 libris
467 1784 474 1807 ,
489 1750 523 1799 lta
535 1747 627 1799 defiaua
638 1748 664 1798 in
676 1746 726 1797 stu-

67 1812 128 1871 diis,
139 1824 165 1861 ut
177 1811 240 1875 prius
252 1812 343 1863 hostilia
354 1814 428 1880 gladii
439 1811 559 1877 cuspidem
571 1826 671 1877 corpore
683 1826 725 1860 ex·

67 1891 94 1926 ce
137 1876 142 1887 “
162 1874 257 1949 ,quim
269 1873 352 1925 urbem
364 1877 390 1925 in
402 1874 506 1925 hostium
523 1873 665 1940 potestatem
684 1888 725 1922 ve-

86 1940 91 1951 '
138 1935 243 1988 sentiret.
257 1943 280 1987 0
292 1940 400 1988 animum
410 1939 533 1987 literarum
544 1935 683 1986 amantem!
700 1941 724 1984 0

68 2000 206 2053 industriam
219 1997 489 2051 hominirindefess‘am!
506 2005 529 2049 0
547 2000 637 2050 fastum
655 1999 724 2048 omni

68 2065 158 2121 laude,
175 2064 361 2128 predicatione,
383 2062 593 2128 monumentisque
608 2063 724 2112 decoran-

40 2178 41 2181 ,
67 2129 126 2178 dum
134 2128 141 2179 Ε
150 2126 195 2176 diri
213 2125 303 2176 lebatui
315 2126 376 2178 Urbs
389 2143 417 2176 ea
427 2125 567 2190 tempestate
575 2122 723 2191 opulentissi-

67 2207 125 2250 tua,
138 2141 212 2241 effus
218 2205 260 2255 per
272 2191 324 2241 viaa
338 2191 442 2248 milites,
455 2202 483 2238 ur
492 2191 518 2238 in
533 2203 654 2262 quemque
664 2188 724 2261 iuci-

67 2254 164 2310 derant,
178 2251 229 2302 fine
240 2253 291 2302 ullo
303 2251 575 2309 artatis,sexur,ordinis
589 2251 724 2301 discrimine

66 2316 155 2370 obvios
163 2315 483 2380 contrucidabant,undique
490 2315 624 2382 gladiorum
631 2313 726 2363 radiau-

66 2384 129 2433 tium
142 2379 225 2446 fulgor
235 2377 404 2446 perslr'ingebat
419 2380 515 2429 oculor:
528 2378 632 2442 undique
645 2392 726 2427 armo-

66 2460 119 2496 rum
129 2443 221 2496 sonitus
229 2440 351 2501 ,tubarum
362 2444 597 2509 clangor,equorum
602 2441 729 2498 fremitus,

66 2508 205 2561 cadentium
214 2507 335 2557 tetrorum
347 2506 428 2572 fragor
439 2505 588 2556 audiebatur:
600 2518 726 2576 puerorum

67 2572 206 2635 ejulatibus,
220 2569 347 2620 mulierum
358 2570 471 2620 lamentis
484 2604 492 2628 ,
506 2569 667 2621 morientium
680 2565 733 2615 im-

69 2629 347 2703 nummulatriam,
358 2634 471 2758 mlsstum
482 2631 653 2695 clamorum,
661 2630 749 2697 qr'iuii-

717 2696 771 2746 tx.»
