1612 3008
205 148 403 199 ounttto
434 138 513 196 xm
642 163 683 202 ιη

31 266 58 302 ut
73 252 144 310 vite,
160 254 195 303 ita
209 252 282 303 ftmae
300 254 382 301 aliene
392 250 505 302 dominus
516 248 566 306 est,
586 251 627 314 qui
643 250 687 299 sun

31 330 186 380 contemptor
197 316 238 365 est.
272 320 403 379 Nunquam
414 328 496 363 tamen
508 324 602 361 tantum
613 317 689 365 malo

31 381 144 429 volontm
157 381 246 444 poterit
258 376 402 441 consonatio
415 378 540 431 monos,
548 388 572 424 ut
585 374 598 424 ὲ
612 376 688 426 studio

30 442 164 491 honestatis
181 440 306 498 recedant,
321 444 347 492 &
364 439 480 489 invidiam
491 440 584 503 placate
599 442 688 497 velint,

30 506 117 553 vinute
129 506 272 562 telieta',nut
283 516 398 554 tememta
409 501 559 553 conscientia.
568 503 689 561 Invident,

45 569 137 624 allent,
148 566 254 617 fremunt
271 580 297 615 ut
316 564 366 616 sete
383 563 461 615 solent
479 567 520 629 qui
533 581 657 630 emergunt
672 566 688 619 ὲ

92 630 195 679 uuintot
207 630 412 679 Ctiminationem
423 630 459 679 eit
468 626 586 679 machinis
604 633 688 681 volen-

29 705 65 741 tee
75 695 230 751 concutiunt,
245 705 285 741 aut
296 690 454 757 suspicionum
468 693 582 741 cuniculis
599 694 687 743 callide
723 716 728 725 ·

32 752 184 805 subtextum?
197 756 232 805 ita
244 770 308 805 nunc
319 755 414 805 vivitur.
447 760 480 804 At
497 768 555 803 veto
568 754 586 804 st
599 755 686 807 'udicio

32 820 172 877 emminte,
187 820 303 883 qutntnla
313 816 357 867 itta
368 815 435 867 sunt?
449 822 482 867 Ut
493 819 520 866 in
539 818 577 866 via
592 774 609 866 st
623 822 688 869 canis

33 892 72 929 aut
82 893 163 945 equus·
170 882 224 939 luto
234 896 275 930 me
286 872 463 947 aspergntmon
474 878 542 943 quod
554 882 648 931 Plautus
654 884 687 932 ait

30 943 55 991 la
72 944 77 954 '
151 944 269 1007 oemio,
282 958 335 993 uon
346 942 492 993 excandesco
505 942 601 1001 statutt,-
614 948 640 995 &
652 948 687 993 vi·

32 1007 53 1055 ci
82 1008 148 1055 min
159 1007 229 1055 illum
295 1022 339 1064 to,
354 1004 394 1056 sed
411 1006 467 1053 eluo
484 1007 564 1068 potius
582 1006 630 1056 hoc
652 1008 689 1056 lu·

29 1081 103 1123 tum,
119 1079 232 1131 quam-ut
382 1086 389 1116 ι
403 1068 437 1116 ita
446 1068 486 1116 hic
498 1067 647 1128 faciendum,
660 1074 685 1123 &

31 1129 172 1180 omnen-isti
182 1144 226 1195 pto
236 1144 288 1183 cent
326 1148 347 1181 ts
357 1134 383 1181 &c
394 1131 501 1195 equuleis
512 1130 628 1191 habendi,
644 1136 688 1199 qui

32 1208 85 1242 non
95 1194 199 1257 judicio,
212 1192 250 1244 sed
260 1195 295 1245 im
359 1196 391 1244 ·&
401 1195 512 1245 convicio
517 1193 623 1253 sedant,
636 1212 686 1262 quo

32 1257 160 1307 meliorem
170 1272 211 1307 me
223 1272 270 1325 agn
297 1260 377 1315 co,&‘
387 1272 431 1305 nec
443 1258 468 1305 in
480 1260 642 1310 nominis-mei
650 1261 687 1310 fa-

31 1334 72 1368 ma
84 1322 168 1387 mugis-
180 1319 260 1371 labem
277 1322 435 1386 relinquunt,
450 1334 523 1383 quam
542 1324 568 1371 in
586 1322 686 1374 flumine

30 1382 280 1449 vestigitnn,'eymba·.
315 1384 490 1433 nurumctiam
503 1385 527 1431 in
540 1384 687 1449 sterquilinio

32 1444 176 1503 nutum·est·;
192 1451 218 1497 δε
231 1446 331 1495 adaman
341 1446 366 1495 in
378 1460 451 1495 coeno
463 1460 512 1494 non
527 1462 578 1496 mut
585 1462 603 1497 tt
615 1463 685 1499 nutu-

32 1524 91 1561 tnm.
138 1512 246 1558 Gemnnt
264 1508 343 1559 Incidi
357 1544 364 1566 ‚
380 1511 405 1559 δι
421 1508 556 1557 infoelioem
575 1513 609 1560 lin
627 1528 684 1562 uum

31 1576 156 1621 Bonorum
170 1572 281 1621 convicio
288 1584 421 1621 exerceant.
433 1571 600 1630 Instent‚mot
617 1588 685 1631 eunt,

31 1636 111 1684 multo
122 1634 192 1685 citius
203 1633 315 1701 frangent
323 1632 436 1691 dentem,
451 1648 524 1699 quam
538 1636 571 1683 im
589 1638 683 1687 timent.

30 1700 85 1747 Imo
96 1710 124 1746 ut
134 1697 232 1761 pitture
242 1696 442 1747 lucemnihiltnm
449 1712 561 1746 commen
579 1712 686 1765 anquam

31 1758 129 1811 umbra:
146 1758 178 1809 fic
195 1774 246 1809 non
263 1762 348 1811 melius
365 1758 437 1825 quim
455 1763 583 1825 petulantis
600 1765 685 1831 lingue

33 1821 201 1874 obttes’totioni
212 1823 326 1897 creditur!
340 1824 437 1889 quales,
451 1826 582 1889 quantique
593 1825 639 1875 siut
651 1828 685 1877 vi·

38 1886 87 1937 sin
99 1884 232 1953 Republica
244 1902 344 1954 magm:
358 1901 462 1951 quotum
472 1886 622 1951 dignitas,&
634 1906 686 1941 nm-

42 1948 123 2001 ·litudo
133 1951 191 2015 quia
203 1948 260 1999 steti
270 1951 412 1999 innocentie
422 1948 519 2005 fiducia,
537 1966 587 2013 qun
600 1972 636 2000 non
647 1968 687 2016 eget

48 2016 193 2076 semijcculc's
206 2031 242 2061 nec
253 2032 319 2071 arcu,
333 2012 364 2062 eb
382 2012 467 2061 clarius
483 2012 591 2063 enitescit
604 2050 610 2071 ,
636 2016 685 2076 quo

52 2077 106 2143 tagis
119 2075 222 2125 obnoxii
234 2072 286 2124 sunt
297 2077 352 2125 telis
363 2074 512 2130 invidorum,
528 2078 568 2139 qui
581 2076 687 2127 simulta-

57 2154 80 2189 m
91 2154 178 2189 eonem
191 2134 316 2205 affectant,
330 2152 434 2204 quotum
445 2136 624 2190 fimilitudiuem
640 2141 683 2191 de·

61 2216 128 2254 nant.
161 2202 229 2253 Dixi.
