1612 3008
264 113 464 161 ORATIO
495 112 537 165 111.
703 134 733 170 ιτ

75 206 122 261 einr
134 201 246 257 misertus
256 204 290 255 est
300 218 415 269 ,eumque
428 204 453 252 in
465 207 567 270 gratiam
579 208 678 273 recepit,
692 228 733 262 m

74 268 284 331 dmprmrxr'rmi
301 269 372 331 χὶρις
381 269 412 317 ‘rai
426 271 506 329 Kvprx,
520 288 559 319 err
574 272 658 333 ixion
671 272 733 323 inxi-

73 348 120 383 urrr
132 334 156 383 lv
171 332 257 395 ἀπιςὶᾳ
270 368 277 390 ,
292 346 347 381 cum
358 331 460 387 caelitus,
475 334 501 383 δι
522 332 566 383 iai
584 336 691 409 μηχινῆς
709 340 733 389 ei

74 394 183 445 cbristus
196 410 227 460 ap
244 390 337 443 aruisset
348 394 418 443 invia
424 392 543 445 Damasci.
552 400 663 461 Repetite
687 416 732 448 ue·

72 455 97 506 so
110 472 209 508 mecum
261 455 279 505 li
291 459 368 522 placet
387 458 514 520 expendite
530 472 604 523 quam
624 460 648 512 se
666 478 682 512 o
700 462 735 513 se·

73 519 199 585 (tolosum,
216 524 241 571 br
254 520 375 577 docilem,
391 534 466 585 quam
478 518 501 570 se
513 522 660 589 morigerum
671 540 731 591 ρη-

71 581 155 637 buerit
187 588 247 634 Non
260 584 387 633 ieiunum
398 580 446 639 ex,
460 598 511 633 non
523 583 620 644 restitit,
634 602 685 637 non
698 592 735 640 la.

72 646 151 699 tebras
161 646 283 713 queunt,
300 661 350 695 non
369 642 454 712 effirgia
468 680 475 703 ,
490 662 541 697 non
589 651 732 713 rtioatiter,

71 726 121 761 non
132 709 258 762 mordiens
270 724 377 759 errorem
395 707 462 759 suum
480 709 552 761 defen
570 713 588 761 it
601 727 649 771 ,ut
669 717 732 769 olim

70 772 153 825 Scriba
167 776 193 825 δι
207 770 315 823 Pharisaei
329 774 354 823 δι
368 774 501 822 etiamnum
513 772 586 825 hodie
598 780 732 841 nonnulli,

71 840 111 901 qui
123 852 192 887 aures
203 838 299 886 veritati
309 848 361 885 tarn
376 836 486 901 proterve
496 836 608 888 obturant
616 844 654 898 ,δι
661 857 731 893 men-

70 909 120 951 tem
133 898 254 951 erroribur
273 894 389 949 obsessam
411 901 499 949 rationi
515 902 679 967 praeludunt,
704 919 730 956 ut

69 963 138 1014 eitius
148 965 244 1013 claram
257 960 287 1013 de
298 976 372 1012 manu
384 962 492 1013 Herculis
503 962 642 1025 extorseris,
655 968 730 1033 quim

69 1040 111 1077 eor
122 1026 218 1093 redigas
229 1028 256 1075 in
268 1026 374 1077 veritatis
386 1022 544 1082 semitam&
554 1026 631 1078 officii
637 1044 732 1095 gyrum.

69 1092 136 1141 Talis
150 1090 213 1139 cette
224 1104 276 1139 non
289 1087 344 1140 fuit.
377 1087 422 1137 sed
433 1088 479 1139 illo
489 1088 575 1139 divinar
584 1094 652 1142 votis
665 1098 728 1144 Ora-

70 1156 138 1213 eulo,
152 1166 270 1218 tanqtnm
281 1150 423 1219 penetrabili
433 1150 543 1219 quodam
559 1154 639 1217 jaculo
656 1156 729 1223 usque

68 1216 98 1266 ad
111 1217 188 1283 ipsam
200 1216 286 1266 animae
297 1214 430 1265 medullam
441 1214 568 1268 tranrfixur
578 1230 729 1271 arttausver-

67 1276 162 1331 beratur
174 1292 241 1330 totus
253 1278 283 1329 ad
302 1277 422 1329 cbrillunt
440 1280 467 1331 δι
483 1294 584 1347 corpore
600 1286 728 1335 &ntimo

67 1342 200 1401 tranlienr,
214 1340 281 1393 cellit
290 1344 384 1392 veritati
396 1376 403 1399 ,
416 1354 536 1409 tantoque
547 1344 601 1395 arlit
609 1344 727 1397 desiderio

67 1411 122 1457 Deo
134 1406 267 1465 serviendi,
283 1418 308 1455 ut
319 1404 377 1457 ilicb
444 1406 503 1455 erit:
518 1406 582 1473 Qud
593 1410 630 1458 vis
648 1412 728 1475 inquit

66 1466 252 1545 faciamquuafi
264 1468 366 1526 diceret,
397 1470 418 1517 ic
430 1466 490 1535 quid
501 1468 516 1519 a
530 1486 570 1521 me
581 1470 633 1522 fieri
647 1476 706 1524 velis
720 1511 727 1535 ‚

67 1536 93 1585 br
106 1534 138 1584 da
149 1532 275 1646 mihirffiur
287 1531 353 1623 juber
359 1531 458 1593 ,bijube
467 1547 525 1607 uua
534 1534 729 1611 vixoobedien.

248 1600 324 1647 rlem.
340 1612 356 1646 o
369 1595 584 1661 promptitudinem
595 1613 684 1659 anrmr,
699 1617 728 1649 o.

66 1599 129 1647 tiam
140 1596 206 1646 admi

68 1662 164 1711 mnium
175 1656 263 1718 literis',
276 1660 341 1711 &lin
360 1658 574 1721 uispraedicandam
582 1662 588 1711 Ε
597 1663 728 1721 Laudabile

67 1725 100 1775 eli
113 1724 208 1773 vitteere
220 1724 297 1778 alios,
308 1720 330 1772 sc
360 1721 439 1772 multo
459 1722 599 1775 laudabilius
614 1722 723 1793 seipsum.

66 1788 130 1837 uicit
143 1800 223 1836 autent
235 1784 335 1851 seipsum
348 1786 548 1843 Paulus‚Christo
560 1792 677 1840 servatori
684 1791 726 1843 suo

66 1865 161 1901 morem
175 1849 411 1915 gerendo,adeoque
422 1864 503 1899 mores
515 1848 568 1901 suos
580 1854 726 1913 immutavit,

65 1926 91 1963 ut
106 1930 137 1964 ex
149 1915 208 1978 lupo
220 1926 317 1978 repente
329 1911 405 1962 fabius
416 1911 445 1961 lit
456 1915 509 1963 ovis
517 1930 560 1973 ,ex
572 1914 624 1966 filio
636 1919 725 1976 irae‚fi-

63 1977 110 2027 lius
123 1979 185 2033 Dei,
201 1992 231 2025 ex
243 1973 390 2040 persecutore
401 1974 653 2035 Ecclefiaemeertimus
666 1980 726 2043 ejus-

64 2040 121 2090 dem
132 2035 258 2095 defensor,
271 2053 298 2087 ae
307 2051 479 2151 fropugnator.

94 2102 172 2153 sistite
185 2100 225 2151 hic
236 2103 305 2165 paulu
317 2116 372 2159 um,
387 2102 528 2162 auditores,
541 2105 591 2155 tela
601 2106 724 2159 donorum

63 2166 156 2233 ingenii
168 2166 219 2225 eius
230 2164 340 2215 nondum
351 2178 459 2231 pertexta
475 2166 515 2217 est.
548 2172 655 2233 Qtantur
671 2172 723 2223 fue-

63 2231 92 2279 rit
106 2228 198 2295 inipso
212 2226 369 2291 Apostolum,
384 2230 528 2341 ofialemque
545 2228 569 2280 se
586 2234 612 2283 in
624 2248 655 2283 eo
666 2250 724 2300 pre.

61 2291 153 2351 buerit,
170 2294 280 2341 nondum
293 2292 399 2342 intellexi
420 2294 447 2343 is.
461 2296 483 2343 Si
496 2294 578 2344 dixero
591 2298 616 2345 in
626 2298 670 2357 iis,
681 2315 723 2365 pa-

62 2358 96 2407 ria
109 2372 166 2407 eunt
178 2352 279 2421 potuisse
290 2352 388 2413 facere,
403 2372 457 2405 cunt
474 2358 557 2422 primis
577 2374 604 2409 nc
623 2358 722 2413 summis

62 2420 154 2471 Christi
171 2426 192 2469 Α
211 2416 307 2475 ostolis,
323 2435 373 2469 rein
385 2436 435 2470 non
447 2436 542 2470 aruxuro.
563 2424 636 2485 Cujus
654 2429 721 2476 enim

63 2495 158 2534 tantum
169 2498 183 2532 e
217 2481 308 2531 flumen
320 2483 426 2557 ingenii,
442 2486 478 2534 cui
490 2497 557 2533 tanta
570 2485 664 2537 dicendi
677 2506 721 2544 vis,

62 2559 179 2615 tantaque
192 2546 264 2609 copia
276 2558 327 2609 qux
333 2560 458 2611 pietatem,
468 2549 597 2597 candorem
606 2550 719 2606 ,fidelita-

60 2607 728 2679 neminobeundomunereconstantiamatnotemergu

387 2681 406 2729 B
423 2694 437 2729 2
681 2694 735 2743 utu·
