1612 3008
134 322 161 366 24
246 302 435 367 Jncorr
465 305 651 355 cruori

127 404 257 457 fitatissima
268 403 324 455 esset
335 408 397 457 inter
406 419 488 457 totum
501 420 615 457 tertarum
626 402 724 467 orbem,
731 411 770 459 vel

123 474 177 520 lulla
189 469 329 535 elegantiori
345 486 374 519 en
387 472 489 533 exprimi
506 467 619 535 possent,
641 483 697 532 quae
714 472 769 536 iplis

119 534 230 595 cSpititu
252 534 337 582 saneto
354 534 457 583 revelata
474 531 577 582 fuerunt.
610 531 682 581 Adde
702 534 770 599 quod

115 608 178 644 cetus
190 592 458 659 Testamentum‚quod
473 607 544 644 antes
556 592 675 645 Hebraicr
688 598 769 662 lingua

111 656 224 722 scriptum
235 668 301 715 erat,
314 656 445 722 aliquando
463 656 489 705 in
507 661 617 706 Graecam
635 658 768 709 traductum

109 720 196 770 fuerit:
212 718 284 780 Quod
301 735 333 768 ne
354 735 411 769 meo
432 717 529 768 cerebro
547 734 716 770 commentum
730 721 767 770 ef·

111 783 202 849 fingere
213 781 295 831 videar
305 814 313 837 ,
335 780 399 831 testis
412 780 482 831 nobis
494 782 538 831 erit
554 781 671 847 frequens
682 782 766 833 horum

112 844 143 895 ab
156 855 177 895 Α
210 842 276 892 stolis
295 844 453 909 mentio‚qui
469 858 523 893 earn
541 843 678 894 vernonem
690 844 766 911 sepius

112 910 148 957 ita
181 910 217 957 nis
236 902 327 969 scriptis
347 907 498 955 confirmant.
530 910 591 1020 opus
616 908 700 973 itaque
718 924 766 957 non

112 971 194 1020 fontes
206 966 269 1034 ipsos
281 969 360 1032 potius
372 967 545 1027 consulendos,
590 968 620 1019 ad
633 970 768 1021 authentice

112 1031 197 1097 scripta
208 1032 376 1081 recurrendum
388 1029 433 1081 else
446 1030 603 1093 judicaverit?
626 1034 673 1083 llic
692 1033 706 1083 l
724 1048 768 1081 no·

114 1094 152 1144 bis
165 1092 286 1144 discedunt
306 1094 347 1159 qui
366 1094 392 1142 in
409 1096 468 1143 alias
490 1094 583 1161 linguas
599 1094 704 1146 fideliter
718 1108 766 1144 tra-

113 1156 183 1208 dusla
197 1154 243 1206 effe
254 1156 289 1205 fre
308 1168 389 1206 uenter
401 1156 528 1216 obiiciunt:
544 1158 590 1207 Sed
601 1156 630 1206 fir
649 1159 683 1205 ita
702 1170 727 1207 ut
742 1159 769 1207 in

114 1222 172 1270 alias
184 1217 230 1267 fint
244 1172 308 1269 vers}
320 1220 411 1283 linguas
425 1253 432 1277 ,
451 1220 517 1329 {puod
530 1236 582 1269 nou
603 1218 700 1269 infiteor
715 1255 723 1278 ,
738 1218 769 1268 fi-

113 1283 238 1332 delitatem
250 1296 332 1332 tamen
343 1278 436 1346 prorsus
470 1281 574 1338 iffiteor‚
598 1282 665 1346 quod
685 1298 714 1331 err
734 1282 769 1332 di-

113 1346 221 1395 verlitate
233 1344 390 1410 scriptorum,
414 1349 439 1394 dt
456 1342 608 1395 scribentium
626 1346 769 1408 opinionum

132 1410 167 1457 lus
180 1406 234 1456 sutis
246 1422 326 1479 patet,
343 1406 360 1455 fi
378 1422 433 1455 cum
450 1420 570 1473 quotquot
583 1409 708 1456 auctorum
720 1424 770 1456 vcr-

113 1424 139 1522 sa
152 1469 255 1519 conferri
266 1468 494 1527 debcant,maxime
506 1472 567 1519 inter
579 1467 603 1518 se
616 1466 710 1518 differre
726 1470 767 1520 de-

113 1532 294 1599 prehendantur.
328 1538 446 1595 Ecquam
464 1532 541 1596 queso
562 1531 730 1581 certitudinem
746 1534 770 1583 dt

114 1598 238 1645 veritatem
252 1610 281 1642 ex
299 1591 387 1657 scriptis
406 1595 452 1642 illis
471 1596 583 1660 colligere
603 1595 656 1658 quis
675 1593 769 1658 poffit,

114 1675 144 1708 cx
158 1670 224 1706 tanta
235 1658 357 1706 auctorum
369 1655 523 1721 discrepantia
536 1690 545 1714 ,
569 1671 617 1721 qua
633 1656 661 1705 fit
682 1671 707 1705 ut
719 1657 770 1705 nni·

115 1738 171 1771 mos
184 1722 301 1770 lectorum
313 1721 389 1783 magis
402 1719 535 1781 perturbent
549 1722 575 1768 ὃ(
585 1720 613 1767 in
626 1716 770 1783 suspiciones

115 1785 228 1835 inducant
240 1799 312 1847 quam
323 1782 436 1831 crudiunt.
470 1781 566 1831 Accedit
585 1785 611 1830 δι
631 1781 678 1829 huc
696 1784 770 1831 etiarm

116 1848 183 1921 quod
194 1845 273 1910 sepius
285 1862 336 1893 non
349 1859 435 1910 magna
455 1844 586 1892 eruditione
603 1848 628 1892 &
646 1846 771 1907 experien-

116 1924 149 1958 tm
161 1908 322 1974 predicitur,
337 1920 362 1953 ut
375 1910 457 1956 omnia
470 1905 572 1972 perfecie
584 1907 705 1970 percipere
718 1904 771 1970 pos·

115 1970 180 2028 sint,
202 1971 257 2018 hinc
276 1970 394 2017 maximos
420 1985 509 2018 errores
527 1966 606 2033 sepius
625 1969 772 2026 inferentes,

116 2036 198 2082 omnia
225 2034 304 2095 potins
327 2032 445 2079 invertant
470 2047 542 2096 qnnnr
569 2044 689 2087 vertant5
719 2036 771 2081 Nec

115 2094 172 2144 verb
185 2106 210 2142 ut
225 2094 250 2141 id
262 2108 302 2155 pcr
320 2094 480 2157 ignorantiam
500 2092 578 2143 solum
596 2092 709 2149 faciant,
729 2092 770 2143 sed

115 2158 237 2205 videamus
252 2157 326 2203 etiam
345 2157 459 2218 plurimos
478 2153 615 2220 perversos,
640 2160 665 2206 &
685 2160 771 2207 verita·

115 2222 146 2268 tis
173 2218 250 2286 ipsius·
258 2216 375 2267 eversores
389 2252 396 2274 ‚
410 2222 452 2281 qui
471 2220 550 2269 dedita
570 2234 642 2283 opera
663 2220 695 2267 ad
713 2221 771 2268 talia

115 2282 202 2332 scelera
214 2282 352 2336 esteruntur,
368 2294 394 2328 ut
407 2281 501 2330 hereses
515 2280 581 2339 suns,
598 2279 728 2331 sententias
741 2281 772 2331 de

116 2345 184 2394 rebus
202 2348 284 2393 animo
302 2358 468 2401 commentas,
486 2361 513 2393 nc
532 2344 634 2408 denique
654 2344 770 2409 dogmata

115 2407 155 2458 sua
167 2406 286 2458 sulsrssinnr
298 2408 341 2455 tali
353 2419 463 2469 pretextu
476 2408 594 2455 occultare
606 2406 700 2471 possent
714 2442 721 2465 ,
744 2409 770 2455 dt

116 2486 147 2519 ne
166 2470 296 2519 mendaciis
312 2469 440 2532 aliquando
457 2470 567 2517 convinci
585 2483 683 2534 queant.
717 2474 769 2519 lloc

116 2533 188 2598 igitur
203 2532 358 2581 damnum&
374 2532 459 2580 talium
482 2532 604 2581 nullorum
624 2532 724 2582 technas
742 2545 766 2579 ar

116 2594 284 2644 infidelitatem
304 2592 414 2658 pramis,
431 2609 463 2643 ne
475 2594 549 2643 fidem
560 2594 665 2643 nostram
684 2599 711 2645 δι
731 2599 760 2643 St

116 2673 160 2706 crae
191 2658 307 2719 scripture
338 2657 461 2704 veritatem
483 2692 491 2713 ,
522 2658 546 2705 in
579 2658 608 2706 iis
638 2672 692 2721 quae
722 2656 756 2705 ho

116 2722 210 2769 minum
240 2720 338 2781 ingenio
369 2720 529 2782 proveniunt,
561 2720 685 2769 collocans
716 2734 753 2769 vet

112 2783 226 2844 iontem,
239 2796 291 2835 non
321 2782 385 2832 rivos
412 2783 466 2833 illos
488 2780 655 2848 perditissimos
672 2778 749 2893 Χεοιιῦ

686 2860 744 2896 unu·
