1612 3008
237 242 438 290 oanrro
469 242 578 293 xarx.
677 240 725 302 η,

64 351 128 400 hunc
139 345 154 399 ἒ
166 348 251 414 ragina
264 382 271 406 ,
293 348 367 397 alium
381 348 394 398 ὲ
406 362 503 414 gemma
516 343 725 414 protuberantem,

64 412 173 463 uidemus
185 427 260 461 unum
274 412 422 461 morientem
436 409 513 460 subito
527 447 534 470 ,
556 412 629 460 alium
642 409 727 462 subna-

64 475 183 525 scentem:
196 490 270 540 quem
284 489 334 524 nort
347 475 452 524 delelter
461 487 513 523 tam
524 475 601 523 varius
614 472 729 538 asperius,

66 542 92 589 &
109 541 184 588 cultus
197 553 289 603 magns:
302 540 405 588 Matris?
418 543 450 587 Et
463 552 514 603 quae
528 537 570 586 illa
582 549 632 586 ram
645 538 729 603 rigida,

65 615 117 650 tarn
129 602 204 651 ferrea
218 617 300 658 mens,
308 616 359 666 quae
371 603 432 650 inter
441 599 491 650 haec
504 599 730 650 amoenillirnaocu-

65 666 146 713 lorum
160 662 383 722 obleilamenta,&
410 662 480 714 abula
489 662 614 727 ‚huncque
629 663 730 712 inferio-

66 729 99 776 ris
111 731 189 775 Mardi
201 727 318 777 mundum
331 743 382 776 non
394 678 474 778 ficerat
485 726 508 776 se
516 728 588 776 molli
600 727 679 791 aliqua
689 743 730 775 co-

67 792 200 855 gitatione,
211 806 238 840 ac
251 792 323 840 tacita
335 791 441 855 quadam
454 789 535 857 gaudii
545 789 685 838 titillatione
699 791 728 838 li-

85 853 162 903 uescar
169 856 176 902 ?
183 852 199 902 st
207 851 328 909 nitores,sr
339 857 462 920 pigmenta
474 850 634 917 inspiciamus,
642 851 658 900 fi
666 852 729 902 hunc

67 868 268 983 lianguinemhoc
281 916 345 974 ebur,
352 917 414 966 hanc
424 917 514 975 nivem,
521 916 582 966 hanc
594 915 729 974 flammam,

67 984 115 1030 hoc
128 996 210 1029 aurum
225 1016 232 1039 ,
250 997 277 1030 ae
296 992 335 1029 tot
346 980 439 1030 colores
454 981 515 1030 mira
527 981 641 1029 uarietate
654 979 730 1030 oculis

68 1043 234 1102 blandientes,
245 1059 307 1109 quos
321 1043 415 1093 Artifiei
432 1044 516 1106 cuique
530 1043 645 1107 penicillo
659 1057 730 1091 :rmu-

68 1108 112 1156 lari
123 1106 159 1155 fas
173 1141 180 1162 ,
201 1109 303 1156 aemulari
318 1106 416 1170 quidem
430 1122 480 1155 non
492 1105 590 1155 imitari.
616 1107 729 1179 Denique

68 1171 123 1235 quis
135 1167 249 1218 exhalans
260 1170 302 1218 ille
316 1169 390 1228 odor,
406 1170 459 1234 quis
471 1182 597 1233 penetrans
610 1167 652 1216 ille
662 1167 729 1234 sprri-

68 1247 116 1296 tus,
123 1235 148 1282 δι
156 1246 209 1295 pars
215 1231 319 1280 aetherea
326 1247 384 1282 aurae
391 1230 467 1282 infusa
473 1231 503 1280 ab
510 1233 614 1281 altint
624 1246 674 1279 non
687 1230 729 1282 abs

70 1311 100 1344 rae
114 1298 188 1344 Po'e'ta
202 1295 274 1344 flores
288 1294 412 1362 pbrol'que
424 1295 535 1345 finxerint
555 1291 569 1343 ὲ
587 1292 669 1352 succo,
689 1309 729 1345 aut

69 1358 181 1425 sanguine
199 1359 374 1408 immortalium
391 1366 505 1408 Deorum.
537 1358 583 1407 Vra
600 1359 687 1423 opinor
703 1361 729 1408 in

69 1425 150 1484 Infulis
156 1425 280 1482 fortunatis
290 1417 337 1471 ell'e
352 1424 481 1489 quiequam
493 1421 622 1485 jucundius.
656 1422 729 1472 Plane

70 1486 132 1536 mihi
151 1486 233 1534 videor
251 1487 338 1535 intueri
358 1489 478 1549 Paradisum
496 1487 533 1534 eui
546 1483 668 1534 custodem
680 1487 730 1536 cul·

68 1562 196 1612 roremque
213 1554 277 1598 Deus
291 1549 425 1613 praefecerat
447 1552 567 1597 ,Aramum
598 1547 654 1612 Jam
671 1549 731 1612 quid

71 1626 170 1674 campos
184 1612 291 1677 gramine
302 1606 446 1660 luxuriantes
460 1611 565 1675 loquar,
585 1609 644 1674 quid
662 1625 730 1674 prata

70 1674 186 1730 virentia,
201 1672 259 1738 quid
273 1674 387 1737 plantaria
401 1708 408 1730 ,
425 1673 483 1737 quid
497 1671 593 1721 arbores
604 1672 731 1724 florescen-

41 1792 45 1802 .
71 1741 129 1786 res?
149 1735 208 1799 quid
227 1737 350 1785 vinearum
373 1734 558 1787 foecunditatem
579 1749 733 1786 commemo-

72 1815 139 1856 rem,
150 1798 210 1862 quid
220 1799 325 1869 oliveta?
339 1804 396 1862 Qrae
410 1799 493 1846 omnia
503 1798 577 1846 tacita
591 1795 731 1849 admiratio.

72 1879 104 1913 ne
116 1859 210 1919 sensus,
225 1863 277 1910 imo
289 1875 382 1912 mentes
396 1859 486 1911 nostras
499 1858 656 1973 susffiendum,
669 1864 694 1912 &
705 1864 732 1914 in

72 1927 192 2002 stuporem
204 1939 265 1990 pene
278 1925 378 1989 rapiunt.
401 1923 464 1990 Qsid
472 1923 529 1973 uitae
559 1925 611 1987 ujus
623 1922 735 1984 delicias,

91 1990 133 2040 urd
144 2003 251 2039 curarum
265 2024 273 2046 ,
288 1991 314 2039 &
326 1989 435 2038 laborum
445 1989 597 2045 laxamenta,
612 1986 669 2099 ‹guid
681 1985 733 2054 spe-

73 2006 165 2105 Zacula
176 2067 227 2100 non
239 2049 443 2116 inamoena,quid
457 2050 537 2116 gaudii
548 2051 616 2099 illeee
633 2065 734 2118 rasquas

72 2116 156 2171 frustra
168 2128 282 2165 terramm
295 2113 352 2164 alibi
365 2114 505 2180 quaerimus,
518 2110 668 2165 recenseam?

140 2187 191 2230 (um
202 2184 223 2227 ia
235 2178 319 2228 redarii
330 2181 387 2226 valle
398 2181 531 2241 mugientium
545 2179 650 2242 Agricola

171 2243 284 2304 Prospeiiae
295 2255 383 2291 errantes
391 2256 476 2304 gregem

139 2307 263 2369 Iamilefque
272 2307 325 2364 falce
336 2321 403 2354 rames
415 2315 536 2367 amputans,

171 2369 275 2419 Feiiau'oees
288 2370 365 2429 a'afirir.
575 2424 579 2431 ¹

143 2435 195 2477 ,Am
205 2430 269 2492 preffit
279 2434 338 2490 puris
350 2431 486 2479 melia-madir
497 2430 595 2493 «rapueris

64 2504 67 2509 ·
174 2494 224 2541 Aac
236 2494 301 2541 eram
313 2492 406 2555 infirmae
418 2497 480 2542 ovele.

144 2557 180 2607 Vel
191 2570 238 2602 eum
249 2556 341 2606 decorum
354 2559 438 2607 miribue
449 2558 514 2621 peme'e
527 2569 586 2624 capue

175 2621 302 2667 muamus
315 2624 375 2673 aruir
386 2622 475 2677 tetulit,

143 2686 177 2730 'vr
183 2683 258 2741 gaudee
270 2680 353 2742 infitias
363 2686 463 2747 imment
471 2696 524 2746 prm
530 2700 539 2747 5

170 2750 287 2797 'cerr-mm
298 2746 325 2802 m
337 2760 405 2801 eruam
415 2756 521 2814 perpere.
