<?xml version="1.0" encoding="UTF-8"?>
<!DOCTYPE html PUBLIC "-//W3C//DTD XHTML 1.0 Transitional//EN"
    "http://www.w3.org/TR/xhtml1/DTD/xhtml1-transitional.dtd">
<html xmlns="http://www.w3.org/1999/xhtml" xml:lang="en" lang="en">
 <head>
  <title>
</title>
<meta http-equiv="Content-Type" content="text/html;charset=utf-8" />
  <meta name='ocr-system' content='tesseract 3.04.00' />
  <meta name='ocr-capabilities' content='ocr_page ocr_carea ocr_par ocr_line ocrx_word'/>
</head>
<body>
  <div class='ocr_page' id='page_1' title='image "./jacobicrucisuad00crucgoog_0115.png"; bbox 0 0 1612 3008; ppageno 0'>
   <div class='ocr_carea' id='block_1_1' title="bbox 262 0 380 148">
    <p class='ocr_par' dir='ltr' id='par_1_1' title="bbox 262 0 380 148">
     <span class='ocr_line' id='line_1_1' title="bbox 262 0 380 148; baseline 0 2860"><span class='ocrx_word' id='word_1_1' title='bbox 262 0 380 148; x_wconf 95' lang='lat' dir='ltr'> </span> 
     </span>
    </p>
   </div>
   <div class='ocr_carea' id='block_1_2' title="bbox 82 500 609 565">
    <p class='ocr_par' dir='ltr' id='par_1_2' title="bbox 82 500 609 565">
     <span class='ocr_line' id='line_1_2' title="bbox 82 500 609 565; baseline 0.002 -14"><span class='ocrx_word' id='word_1_2' title='bbox 82 516 127 552; x_wconf 71' lang='grc' dir='ltr'>ιη</span> <span class='ocrx_word' id='word_1_3' title='bbox 207 500 393 565; x_wconf 73' lang='lat' dir='ltr'>Jrconr</span> <span class='ocrx_word' id='word_1_4' title='bbox 424 507 609 554; x_wconf 79' lang='lat' dir='ltr'>cuucrr</span> 
     </span>
    </p>
   </div>
   <div class='ocr_carea' id='block_1_3' title="bbox 67 586 763 2923">
    <p class='ocr_par' dir='ltr' id='par_1_3' title="bbox 76 586 763 979">
     <span class='ocr_line' id='line_1_3' title="bbox 78 586 763 667; baseline -0.001 -15"><span class='ocrx_word' id='word_1_5' title='bbox 78 606 104 652; x_wconf 92' lang='lat'>&amp;</span> <span class='ocrx_word' id='word_1_6' title='bbox 119 618 176 653; x_wconf 82' lang='lat' dir='ltr'>eurae</span> <span class='ocrx_word' id='word_1_7' title='bbox 184 637 191 659; x_wconf 94' lang='lat'>,</span> <span class='ocrx_word' id='word_1_8' title='bbox 199 604 257 667; x_wconf 84' lang='lat' dir='ltr'>quin</span> <span class='ocrx_word' id='word_1_9' title='bbox 268 600 331 651; x_wconf 82' lang='lat' dir='ltr'>haud</span> <span class='ocrx_word' id='word_1_10' title='bbox 343 603 422 651; x_wconf 86' lang='lat' dir='ltr'>multo</span> <span class='ocrx_word' id='word_1_11' title='bbox 434 601 486 667; x_wconf 87' lang='lat' dir='ltr'>post</span> <span class='ocrx_word' id='word_1_12' title='bbox 497 600 512 650; x_wconf 69' lang='lat' dir='ltr'>d</span> <span class='ocrx_word' id='word_1_13' title='bbox 524 602 615 665; x_wconf 87' lang='lat' dir='ltr'>sceptro</span> <span class='ocrx_word' id='word_1_14' title='bbox 628 600 659 649; x_wconf 85' lang='lat' dir='ltr'>ad</span> <span class='ocrx_word' id='word_1_15' title='bbox 671 600 736 651; x_wconf 83' lang='lat' dir='ltr'>feru·</span> <span class='ocrx_word' id='word_1_16' title='bbox 752 586 763 616; x_wconf 82' lang='lat'><em>⁰</em></span> 
     </span>
     <span class='ocr_line' id='line_1_4' title="bbox 77 664 738 774; baseline -0.002 -60"><span class='ocrx_word' id='word_1_17' title='bbox 77 666 127 714; x_wconf 86' lang='lat' dir='ltr'>lam</span> <span class='ocrx_word' id='word_1_18' title='bbox 139 665 167 714; x_wconf 80' lang='lat' dir='ltr'>stt</span> <span class='ocrx_word' id='word_1_19' title='bbox 183 664 376 720; x_wconf 82' lang='lat' dir='ltr'>devolutus,hoc</span> <span class='ocrx_word' id='word_1_20' title='bbox 389 664 422 712; x_wconf 87' lang='lat' dir='ltr'>est</span> <span class='ocrx_word' id='word_1_21' title='bbox 435 682 464 714; x_wconf 81' lang='lat' dir='ltr'>ert</span> <span class='ocrx_word' id='word_1_22' title='bbox 477 671 543 729; x_wconf 81' lang='lat' dir='ltr'>Rege</span> <span class='ocrx_word' id='word_1_23' title='bbox 550 664 738 774; x_wconf 55' lang='lat' dir='ltr'>fotentiffinro,</span> 
     </span>
     <span class='ocr_line' id='line_1_5' title="bbox 78 727 736 791; baseline -0.002 -16"><span class='ocrx_word' id='word_1_24' title='bbox 78 730 230 791; x_wconf 82' lang='lat' dir='ltr'>pauperculus</span> <span class='ocrx_word' id='word_1_25' title='bbox 240 727 433 791; x_wconf 81' lang='lat' dir='ltr'>iudinragissellus</span> <span class='ocrx_word' id='word_1_26' title='bbox 446 734 534 774; x_wconf 78' lang='lat' dir='ltr'>c&#39;orimm</span> <span class='ocrx_word' id='word_1_27' title='bbox 563 728 642 784; x_wconf 76' lang='lat' dir='ltr'>auus,</span> <span class='ocrx_word' id='word_1_28' title='bbox 658 728 684 774; x_wconf 90' lang='lat' dir='ltr'>in</span> <span class='ocrx_word' id='word_1_29' title='bbox 704 742 736 775; x_wconf 90' lang='lat' dir='ltr'>eo</span> 
     </span>
     <span class='ocr_line' id='line_1_6' title="bbox 76 786 736 856; baseline 0 -19"><span class='ocrx_word' id='word_1_30' title='bbox 76 791 129 838; x_wconf 80' lang='lat' dir='ltr'>vitu</span> <span class='ocrx_word' id='word_1_31' title='bbox 142 806 227 856; x_wconf 80' lang='lat' dir='ltr'>genere</span> <span class='ocrx_word' id='word_1_32' title='bbox 237 786 332 838; x_wconf 85' lang='lat' dir='ltr'>summo</span> <span class='ocrx_word' id='word_1_33' title='bbox 343 804 397 838; x_wconf 90' lang='lat' dir='ltr'>cum</span> <span class='ocrx_word' id='word_1_34' title='bbox 410 786 541 846; x_wconf 77' lang='lat' dir='ltr'>dedecore,</span> <span class='ocrx_word' id='word_1_35' title='bbox 554 791 580 837; x_wconf 75' lang='grc' dir='ltr'>δι</span> <span class='ocrx_word' id='word_1_36' title='bbox 594 802 736 855; x_wconf 81' lang='lat' dir='ltr'>contemptu</span> 
     </span>
     <span class='ocr_line' id='line_1_7' title="bbox 76 852 735 916; baseline 0.002 -17"><span class='ocrx_word' id='word_1_37' title='bbox 76 853 151 902; x_wconf 85' lang='lat' dir='ltr'>vitam</span> <span class='ocrx_word' id='word_1_38' title='bbox 163 852 259 901; x_wconf 84' lang='lat' dir='ltr'>finierit.</span> <span class='ocrx_word' id='word_1_39' title='bbox 274 856 297 901; x_wconf 86' lang='lat'>0</span> <span class='ocrx_word' id='word_1_40' title='bbox 309 852 418 916; x_wconf 78' lang='lat' dir='ltr'>inopiam</span> <span class='ocrx_word' id='word_1_41' title='bbox 430 867 508 903; x_wconf 87' lang='lat' dir='ltr'>rerum</span> <span class='ocrx_word' id='word_1_42' title='bbox 520 853 679 901; x_wconf 79' lang='lat' dir='ltr'>humanarum</span> <span class='ocrx_word' id='word_1_43' title='bbox 696 866 735 900; x_wconf 83' lang='lat' dir='ltr'>ca·</span> 
     </span>
     <span class='ocr_line' id='line_1_8' title="bbox 76 913 227 979; baseline 0.02 -18"><span class='ocrx_word' id='word_1_44' title='bbox 76 913 227 979; x_wconf 82' lang='lat' dir='ltr'>tastrophen!</span> 
     </span>
    </p>

    <p class='ocr_par' dir='ltr' id='par_1_4' title="bbox 106 978 395 1039">
     <span class='ocr_line' id='line_1_9' title="bbox 106 978 395 1039; baseline 0.007 -15"><span class='ocrx_word' id='word_1_45' title='bbox 106 978 395 1039; x_wconf 63' lang='lat' dir='ltr'>-Qutmntsee&#39;teedem</span> 
     </span>
    </p>

    <p class='ocr_par' dir='ltr' id='par_1_5' title="bbox 107 1040 699 1107">
     <span class='ocr_line' id='line_1_10' title="bbox 107 1040 699 1107; baseline 0.003 -20"><span class='ocrx_word' id='word_1_46' title='bbox 107 1042 167 1087; x_wconf 70' lang='lat' dir='ltr'>Stare</span> <span class='ocrx_word' id='word_1_47' title='bbox 177 1044 216 1089; x_wconf 76' lang='lat' dir='ltr'>diu</span> <span class='ocrx_word' id='word_1_48' title='bbox 223 1041 311 1099; x_wconf 76' lang='lat' dir='ltr'>fortuna</span> <span class='ocrx_word' id='word_1_49' title='bbox 323 1040 380 1091; x_wconf 75' lang='lat' dir='ltr'>Ioco!</span> <span class='ocrx_word' id='word_1_50' title='bbox 397 1058 460 1107; x_wconf 81' lang='lat' dir='ltr'>quam</span> <span class='ocrx_word' id='word_1_51' title='bbox 473 1042 571 1106; x_wconf 79' lang='lat' dir='ltr'>quiequid</span> <span class='ocrx_word' id='word_1_52' title='bbox 582 1044 604 1089; x_wconf 86' lang='lat' dir='ltr'>in</span> <span class='ocrx_word' id='word_1_53' title='bbox 616 1044 658 1089; x_wconf 82' lang='lat' dir='ltr'>aito</span> <span class='ocrx_word' id='word_1_54' title='bbox 670 1042 699 1100; x_wconf 70' lang='lat' dir='ltr'>est</span> 
     </span>
    </p>

    <p class='ocr_par' dir='ltr' id='par_1_6' title="bbox 106 1102 684 1166">
     <span class='ocr_line' id='line_1_11' title="bbox 106 1102 684 1166; baseline 0.005 -17"><span class='ocrx_word' id='word_1_55' title='bbox 106 1102 206 1159; x_wconf 68' lang='lat' dir='ltr'>Labant,</span> <span class='ocrx_word' id='word_1_56' title='bbox 221 1106 352 1165; x_wconf 66' lang='lat' dir='ltr'>ingentemque</span> <span class='ocrx_word' id='word_1_57' title='bbox 363 1108 427 1153; x_wconf 77' lang='lat' dir='ltr'>trehit</span> <span class='ocrx_word' id='word_1_58' title='bbox 437 1106 481 1163; x_wconf 78' lang='lat' dir='ltr'>sors</span> <span class='ocrx_word' id='word_1_59' title='bbox 493 1120 569 1166; x_wconf 77' lang='lat' dir='ltr'>magne</span> <span class='ocrx_word' id='word_1_60' title='bbox 581 1106 684 1152; x_wconf 69' lang='lat' dir='ltr'>ruinam?</span> 
     </span>
    </p>

    <p class='ocr_par' dir='ltr' id='par_1_7' title="bbox 67 1163 736 2923">
     <span class='ocr_line' id='line_1_12' title="bbox 107 1163 735 1230; baseline 0.003 -17"><span class='ocrx_word' id='word_1_61' title='bbox 107 1168 203 1229; x_wconf 83' lang='lat' dir='ltr'>Nempe</span> <span class='ocrx_word' id='word_1_62' title='bbox 211 1199 219 1222; x_wconf 94' lang='lat'>,</span> <span class='ocrx_word' id='word_1_63' title='bbox 227 1164 368 1223; x_wconf 77' lang='lat' dir='ltr'>Auditores,</span> <span class='ocrx_word' id='word_1_64' title='bbox 380 1166 429 1215; x_wconf 73' lang='lat' dir='ltr'>hec</span> <span class='ocrx_word' id='word_1_65' title='bbox 441 1164 526 1214; x_wconf 80' lang='lat' dir='ltr'>illaesi</span> <span class='ocrx_word' id='word_1_66' title='bbox 538 1181 640 1230; x_wconf 73' lang='lat' dir='ltr'>purpure</span> <span class='ocrx_word' id='word_1_67' title='bbox 654 1163 735 1230; x_wconf 80' lang='lat' dir='ltr'>perso·</span> 
     </span>
     <span class='ocr_line' id='line_1_13' title="bbox 75 1225 734 1292; baseline 0 -15"><span class='ocrx_word' id='word_1_68' title='bbox 75 1225 236 1277; x_wconf 81' lang='lat' dir='ltr'>natafeiicitas</span> <span class='ocrx_word' id='word_1_69' title='bbox 244 1228 308 1292; x_wconf 82' lang='lat' dir='ltr'>,post</span> <span class='ocrx_word' id='word_1_70' title='bbox 320 1226 489 1291; x_wconf 80' lang='lat' dir='ltr'>torrantasque</span> <span class='ocrx_word' id='word_1_71' title='bbox 501 1229 595 1292; x_wconf 88' lang='lat' dir='ltr'>imperii</span> <span class='ocrx_word' id='word_1_72' title='bbox 607 1241 734 1287; x_wconf 84' lang='lat' dir='ltr'>curus,tot</span> 
     </span>
     <span class='ocr_line' id='line_1_14' title="bbox 74 1287 736 1354; baseline -0.002 -16"><span class='ocrx_word' id='word_1_73' title='bbox 74 1303 178 1354; x_wconf 82' lang='lat' dir='ltr'>pugnata</span> <span class='ocrx_word' id='word_1_74' title='bbox 190 1287 268 1347; x_wconf 79' lang='lat' dir='ltr'>bella,</span> <span class='ocrx_word' id='word_1_75' title='bbox 283 1294 308 1341; x_wconf 90' lang='lat'>&amp;</span> <span class='ocrx_word' id='word_1_76' title='bbox 320 1308 398 1341; x_wconf 87' lang='lat' dir='ltr'>rerum</span> <span class='ocrx_word' id='word_1_77' title='bbox 411 1290 498 1341; x_wconf 85' lang='lat' dir='ltr'>sursum</span> <span class='ocrx_word' id='word_1_78' title='bbox 512 1306 539 1338; x_wconf 84' lang='lat' dir='ltr'>ac</span> <span class='ocrx_word' id='word_1_79' title='bbox 551 1290 660 1339; x_wconf 85' lang='lat' dir='ltr'>deorsum</span> <span class='ocrx_word' id='word_1_80' title='bbox 674 1307 736 1340; x_wconf 65' lang='lat' dir='ltr'>eun.</span> 
     </span>
     <span class='ocr_line' id='line_1_15' title="bbox 73 1350 733 1419; baseline 0.003 -19"><span class='ocrx_word' id='word_1_81' title='bbox 73 1356 135 1403; x_wconf 84' lang='lat' dir='ltr'>tium</span> <span class='ocrx_word' id='word_1_82' title='bbox 147 1350 321 1404; x_wconf 84' lang='lat' dir='ltr'>viciffirudines.</span> <span class='ocrx_word' id='word_1_83' title='bbox 354 1360 382 1404; x_wconf 90' lang='lat' dir='ltr'>In</span> <span class='ocrx_word' id='word_1_84' title='bbox 396 1368 495 1419; x_wconf 85' lang='lat' dir='ltr'>quarum</span> <span class='ocrx_word' id='word_1_85' title='bbox 508 1353 665 1403; x_wconf 82' lang='lat' dir='ltr'>meditatione</span> <span class='ocrx_word' id='word_1_86' title='bbox 677 1369 733 1403; x_wconf 88' lang='lat' dir='ltr'>cum</span> 
     </span>
     <span class='ocr_line' id='line_1_16' title="bbox 72 1418 733 1480; baseline -0.005 -15"><span class='ocrx_word' id='word_1_87' title='bbox 72 1419 198 1468; x_wconf 68' lang='lat' dir='ltr'>Salarium,</span> <span class='ocrx_word' id='word_1_88' title='bbox 213 1418 255 1479; x_wconf 88' lang='lat' dir='ltr'>qui</span> <span class='ocrx_word' id='word_1_89' title='bbox 264 1421 361 1475; x_wconf 76' lang='lat' dir='ltr'>Syriam,</span> <span class='ocrx_word' id='word_1_90' title='bbox 377 1421 514 1477; x_wconf 53' lang='lat' dir='ltr'>«struprum,</span> <span class='ocrx_word' id='word_1_91' title='bbox 525 1420 550 1465; x_wconf 72' lang='grc' dir='ltr'>ἃ</span> <span class='ocrx_word' id='word_1_92' title='bbox 564 1429 677 1480; x_wconf 82' lang='lat' dir='ltr'>magnam</span> <span class='ocrx_word' id='word_1_93' title='bbox 692 1422 733 1463; x_wconf 67' lang='lat' dir='ltr'>,A—</span> 
     </span>
     <span class='ocr_line' id='line_1_17' title="bbox 69 1475 732 1543; baseline 0.003 -18"><span class='ocrx_word' id='word_1_94' title='bbox 69 1479 233 1541; x_wconf 71' lang='lat' dir='ltr'>fricapanem</span> <span class='ocrx_word' id='word_1_95' title='bbox 245 1476 364 1543; x_wconf 78' lang='lat' dir='ltr'>subegerat</span> <span class='ocrx_word' id='word_1_96' title='bbox 378 1514 385 1535; x_wconf 95' lang='lat'>,</span> <span class='ocrx_word' id='word_1_97' title='bbox 401 1480 491 1527; x_wconf 89' lang='lat' dir='ltr'>vicinus</span> <span class='ocrx_word' id='word_1_98' title='bbox 509 1480 558 1539; x_wconf 86' lang='lat' dir='ltr'>jam</span> <span class='ocrx_word' id='word_1_99' title='bbox 576 1479 651 1526; x_wconf 88' lang='lat' dir='ltr'>morti</span> <span class='ocrx_word' id='word_1_100' title='bbox 670 1475 732 1527; x_wconf 83' lang='lat' dir='ltr'>serio</span> 
     </span>
     <span class='ocr_line' id='line_1_18' title="bbox 74 1538 733 1652; baseline 0.002 -65"><span class='ocrx_word' id='word_1_101' title='bbox 74 1538 226 1590; x_wconf 80' lang='lat' dir='ltr'>descendiffet</span> <span class='ocrx_word' id='word_1_102' title='bbox 236 1538 356 1604; x_wconf 82' lang='lat' dir='ltr'>,suprema</span> <span class='ocrx_word' id='word_1_103' title='bbox 369 1542 494 1590; x_wconf 82' lang='lat' dir='ltr'>voluntate</span> <span class='ocrx_word' id='word_1_104' title='bbox 502 1575 509 1597; x_wconf 91' lang='lat'>,</span> <span class='ocrx_word' id='word_1_105' title='bbox 517 1557 559 1605; x_wconf 87' lang='lat' dir='ltr'>pro</span> <span class='ocrx_word' id='word_1_106' title='bbox 567 1542 634 1589; x_wconf 85' lang='lat' dir='ltr'>omui</span> <span class='ocrx_word' id='word_1_107' title='bbox 643 1555 733 1652; x_wconf 43' lang='lat' dir='ltr'>P⁰msp²</span> 
     </span>
     <span class='ocr_line' id='line_1_19' title="bbox 72 1600 732 1660; baseline 0.005 -11"><span class='ocrx_word' id='word_1_108' title='bbox 72 1600 179 1660; x_wconf 78' lang='lat' dir='ltr'>funebri,</span> <span class='ocrx_word' id='word_1_109' title='bbox 192 1603 298 1651; x_wconf 83' lang='lat' dir='ltr'>tunicam</span> <span class='ocrx_word' id='word_1_110' title='bbox 311 1616 404 1651; x_wconf 86' lang='lat' dir='ltr'>tantum</span> <span class='ocrx_word' id='word_1_111' title='bbox 418 1603 555 1652; x_wconf 89' lang='lat' dir='ltr'>interiorem</span> <span class='ocrx_word' id='word_1_112' title='bbox 569 1604 594 1651; x_wconf 90' lang='lat' dir='ltr'>in</span> <span class='ocrx_word' id='word_1_113' title='bbox 614 1602 679 1650; x_wconf 82' lang='lat' dir='ltr'>hasta</span> <span class='ocrx_word' id='word_1_114' title='bbox 706 1620 732 1652; x_wconf 90' lang='lat' dir='ltr'>u·</span> 
     </span>
     <span class='ocr_line' id='line_1_20' title="bbox 73 1662 731 1729; baseline 0.006 -17"><span class='ocrx_word' id='word_1_115' title='bbox 73 1663 175 1714; x_wconf 87' lang='lat' dir='ltr'>blimem</span> <span class='ocrx_word' id='word_1_116' title='bbox 195 1664 340 1713; x_wconf 80' lang='lat' dir='ltr'>circumferri</span> <span class='ocrx_word' id='word_1_117' title='bbox 358 1662 455 1728; x_wconf 79' lang='lat' dir='ltr'>juffiffe,</span> <span class='ocrx_word' id='word_1_118' title='bbox 471 1667 587 1714; x_wconf 88' lang='lat' dir='ltr'>memoria</span> <span class='ocrx_word' id='word_1_119' title='bbox 607 1665 731 1729; x_wconf 87' lang='lat' dir='ltr'>proditum</span> 
     </span>
     <span class='ocr_line' id='line_1_21' title="bbox 72 1727 732 1792; baseline -0.002 -16"><span class='ocrx_word' id='word_1_120' title='bbox 72 1727 120 1784; x_wconf 84' lang='lat' dir='ltr'>est,</span> <span class='ocrx_word' id='word_1_121' title='bbox 136 1743 189 1776; x_wconf 91' lang='lat' dir='ltr'>cum</span> <span class='ocrx_word' id='word_1_122' title='bbox 203 1727 294 1792; x_wconf 79' lang='lat' dir='ltr'>publica</span> <span class='ocrx_word' id='word_1_123' title='bbox 307 1727 351 1776; x_wconf 83' lang='lat' dir='ltr'>hac</span> <span class='ocrx_word' id='word_1_124' title='bbox 363 1729 555 1777; x_wconf 81' lang='lat' dir='ltr'>acclamatione:</span> <span class='ocrx_word' id='word_1_125' title='bbox 572 1735 644 1776; x_wconf 85' lang='lat' dir='ltr'>vnum</span> <span class='ocrx_word' id='word_1_126' title='bbox 658 1733 693 1776; x_wconf 80' lang='lat' dir='ltr'>hoc</span> <span class='ocrx_word' id='word_1_127' title='bbox 706 1748 732 1775; x_wconf 72' lang='lat' dir='ltr'>ex</span> 
     </span>
     <span class='ocr_line' id='line_1_22' title="bbox 72 1789 732 1900; baseline 0.003 -63"><span class='ocrx_word' id='word_1_128' title='bbox 72 1789 197 1852; x_wconf 79' lang='lat' dir='ltr'>ampliffimis</span> <span class='ocrx_word' id='word_1_129' title='bbox 208 1797 269 1854; x_wconf 74' lang='lat' dir='ltr'>&#39;Regni</span> <span class='ocrx_word' id='word_1_130' title='bbox 281 1795 348 1853; x_wconf 83' lang='lat' dir='ltr'>opibus</span> <span class='ocrx_word' id='word_1_131' title='bbox 361 1795 453 1839; x_wconf 85' lang='lat' dir='ltr'>domitori</span> <span class='ocrx_word' id='word_1_132' title='bbox 465 1795 550 1839; x_wconf 79' lang='lat' dir='ltr'>Orientis</span> <span class='ocrx_word' id='word_1_133' title='bbox 567 1792 654 1851; x_wconf 71' lang='lat' dir='ltr'>restare,</span> <span class='ocrx_word' id='word_1_134' title='bbox 676 1794 732 1900; x_wconf 57' lang='lat' dir='ltr'>Kuod</span> 
     </span>
     <span class='ocr_line' id='line_1_23' title="bbox 69 1853 736 1918; baseline -0.001 -18"><span class='ocrx_word' id='word_1_135' title='bbox 69 1854 136 1913; x_wconf 80' lang='lat' dir='ltr'>secum</span> <span class='ocrx_word' id='word_1_136' title='bbox 148 1854 233 1912; x_wconf 73' lang='lat' dir='ltr'>auferat.</span> <span class='ocrx_word' id='word_1_137' title='bbox 266 1859 298 1902; x_wconf 75' lang='lat' dir='ltr'>At</span> <span class='ocrx_word' id='word_1_138' title='bbox 310 1853 366 1903; x_wconf 87' lang='lat' dir='ltr'>verb</span> <span class='ocrx_word' id='word_1_139' title='bbox 378 1855 434 1918; x_wconf 83' lang='lat' dir='ltr'>quia</span> <span class='ocrx_word' id='word_1_140' title='bbox 455 1855 481 1902; x_wconf 88' lang='lat' dir='ltr'>in</span> <span class='ocrx_word' id='word_1_141' title='bbox 499 1855 650 1902; x_wconf 87' lang='lat' dir='ltr'>mentionem</span> <span class='ocrx_word' id='word_1_142' title='bbox 666 1853 673 1900; x_wconf 93' lang='lat' dir='ltr'>i</span> <span class='ocrx_word' id='word_1_143' title='bbox 696 1856 736 1903; x_wconf 78' lang='lat' dir='ltr'>ius.</span> 
     </span>
     <span class='ocr_line' id='line_1_24' title="bbox 72 1913 732 1982; baseline 0.005 -20"><span class='ocrx_word' id='word_1_144' title='bbox 72 1916 178 1977; x_wconf 81' lang='lat' dir='ltr'>Tyranni</span> <span class='ocrx_word' id='word_1_145' title='bbox 191 1915 329 1973; x_wconf 84' lang='lat' dir='ltr'>incidimus,</span> <span class='ocrx_word' id='word_1_146' title='bbox 345 1933 419 1980; x_wconf 75' lang='lat' dir='ltr'>opera:</span> <span class='ocrx_word' id='word_1_147' title='bbox 432 1919 533 1982; x_wconf 87' lang='lat' dir='ltr'>pretium</span> <span class='ocrx_word' id='word_1_148' title='bbox 552 1914 585 1964; x_wconf 87' lang='lat' dir='ltr'>est</span> <span class='ocrx_word' id='word_1_149' title='bbox 603 1913 674 1970; x_wconf 75' lang='lat' dir='ltr'>sane,</span> <span class='ocrx_word' id='word_1_150' title='bbox 694 1932 732 1965; x_wconf 90' lang='lat' dir='ltr'>re-</span> 
     </span>
     <span class='ocr_line' id='line_1_25' title="bbox 72 1976 730 2044; baseline 0.003 -19"><span class='ocrx_word' id='word_1_151' title='bbox 72 1976 133 2026; x_wconf 91' lang='lat' dir='ltr'>ferre</span> <span class='ocrx_word' id='word_1_152' title='bbox 145 1978 228 2027; x_wconf 85' lang='lat' dir='ltr'>ludum</span> <span class='ocrx_word' id='word_1_153' title='bbox 241 1980 438 2038; x_wconf 85' lang='lat' dir='ltr'>memorabilem,</span> <span class='ocrx_word' id='word_1_154' title='bbox 455 1980 496 2044; x_wconf 89' lang='lat' dir='ltr'>qui</span> <span class='ocrx_word' id='word_1_155' title='bbox 512 1980 574 2027; x_wconf 89' lang='lat' dir='ltr'>inter</span> <span class='ocrx_word' id='word_1_156' title='bbox 592 1994 666 2034; x_wconf 90' lang='lat' dir='ltr'>eum,</span> <span class='ocrx_word' id='word_1_157' title='bbox 682 1984 730 2027; x_wconf 87' lang='lat' dir='ltr'>Re·</span> 
     </span>
     <span class='ocr_line' id='line_1_26' title="bbox 71 2041 730 2112; baseline 0.005 -24"><span class='ocrx_word' id='word_1_158' title='bbox 71 2055 128 2112; x_wconf 78' lang='lat' dir='ltr'>gem</span> <span class='ocrx_word' id='word_1_159' title='bbox 141 2041 217 2090; x_wconf 82' lang='lat' dir='ltr'>adhuc</span> <span class='ocrx_word' id='word_1_160' title='bbox 226 2046 268 2100; x_wconf 67' lang='grc' dir='ltr'>,δε</span> <span class='ocrx_word' id='word_1_161' title='bbox 280 2048 397 2090; x_wconf 79' lang='lat' dir='ltr'>Damoclem</span> <span class='ocrx_word' id='word_1_162' title='bbox 409 2042 563 2105; x_wconf 71' lang='lat' dir='ltr'>paralitotum</span> <span class='ocrx_word' id='word_1_163' title='bbox 579 2041 730 2104; x_wconf 73' lang='lat' dir='ltr'>coryphaeum</span> 
     </span>
     <span class='ocr_line' id='line_1_27' title="bbox 71 2101 730 2169; baseline 0.005 -19"><span class='ocrx_word' id='word_1_164' title='bbox 71 2102 213 2160; x_wconf 78' lang='lat' dir='ltr'>intercessit,</span> <span class='ocrx_word' id='word_1_165' title='bbox 229 2119 278 2168; x_wconf 91' lang='lat' dir='ltr'>quo</span> <span class='ocrx_word' id='word_1_166' title='bbox 291 2118 403 2169; x_wconf 79' lang='lat' dir='ltr'>tyrannus</span> <span class='ocrx_word' id='word_1_167' title='bbox 417 2103 480 2168; x_wconf 85' lang='lat' dir='ltr'>ipse,</span> <span class='ocrx_word' id='word_1_168' title='bbox 495 2101 604 2152; x_wconf 77' lang='lat' dir='ltr'>miserum</span> <span class='ocrx_word' id='word_1_169' title='bbox 619 2107 652 2153; x_wconf 85' lang='lat' dir='ltr'>iui</span> <span class='ocrx_word' id='word_1_170' title='bbox 665 2104 730 2153; x_wconf 75' lang='lat' dir='ltr'>ordi-</span> 
     </span>
     <span class='ocr_line' id='line_1_28' title="bbox 71 2165 730 2230; baseline 0.005 -17"><span class='ocrx_word' id='word_1_171' title='bbox 71 2167 108 2213; x_wconf 86' lang='lat' dir='ltr'>nis</span> <span class='ocrx_word' id='word_1_172' title='bbox 124 2165 299 2217; x_wconf 82' lang='lat' dir='ltr'>bentitudinem</span> <span class='ocrx_word' id='word_1_173' title='bbox 318 2165 426 2230; x_wconf 80' lang='lat' dir='ltr'>expreffit</span> <span class='ocrx_word' id='word_1_174' title='bbox 446 2168 531 2230; x_wconf 87' lang='lat' dir='ltr'>quovis</span> <span class='ocrx_word' id='word_1_175' title='bbox 552 2171 629 2230; x_wconf 57' lang='lat' dir='ltr'>Apelle</span> <span class='ocrx_word' id='word_1_176' title='bbox 648 2165 730 2216; x_wconf 80' lang='lat' dir='ltr'>effica-</span> 
     </span>
     <span class='ocr_line' id='line_1_29' title="bbox 70 2226 731 2287; baseline 0.002 -10"><span class='ocrx_word' id='word_1_177' title='bbox 70 2230 127 2279; x_wconf 85' lang='lat' dir='ltr'>cius.</span> <span class='ocrx_word' id='word_1_178' title='bbox 160 2233 224 2277; x_wconf 86' lang='lat' dir='ltr'>Cum</span> <span class='ocrx_word' id='word_1_179' title='bbox 243 2246 272 2278; x_wconf 85' lang='lat' dir='ltr'>ex</span> <span class='ocrx_word' id='word_1_180' title='bbox 294 2226 472 2277; x_wconf 83' lang='lat' dir='ltr'>affentatoribus</span> <span class='ocrx_word' id='word_1_181' title='bbox 493 2231 600 2287; x_wconf 76' lang='lat' dir='ltr'>Dimiſsi,</span> <span class='ocrx_word' id='word_1_182' title='bbox 623 2235 731 2278; x_wconf 78' lang='lat' dir='ltr'>Damocles</span> 
     </span>
     <span class='ocr_line' id='line_1_30' title="bbox 69 2290 731 2356; baseline 0.002 -17"><span class='ocrx_word' id='word_1_183' title='bbox 69 2306 270 2341; x_wconf 82' lang='lat' dir='ltr'>commemoraret</span> <span class='ocrx_word' id='word_1_184' title='bbox 282 2293 307 2339; x_wconf 93' lang='lat' dir='ltr'>in</span> <span class='ocrx_word' id='word_1_185' title='bbox 321 2290 428 2341; x_wconf 86' lang='lat' dir='ltr'>sermone</span> <span class='ocrx_word' id='word_1_186' title='bbox 442 2292 522 2356; x_wconf 86' lang='lat' dir='ltr'>copias</span> <span class='ocrx_word' id='word_1_187' title='bbox 534 2293 641 2350; x_wconf 81' lang='lat' dir='ltr'>Dimyfii,</span> <span class='ocrx_word' id='word_1_188' title='bbox 657 2307 731 2356; x_wconf 88' lang='lat' dir='ltr'>opes,</span> 
     </span>
     <span class='ocr_line' id='line_1_31' title="bbox 70 2354 731 2411; baseline 0.005 -10"><span class='ocrx_word' id='word_1_189' title='bbox 70 2354 217 2411; x_wconf 77' lang='lat' dir='ltr'>maiestatem</span> <span class='ocrx_word' id='word_1_190' title='bbox 224 2389 231 2410; x_wconf 93' lang='lat'>,</span> <span class='ocrx_word' id='word_1_191' title='bbox 238 2356 387 2411; x_wconf 79' lang='lat' dir='ltr'>dominatus,</span> <span class='ocrx_word' id='word_1_192' title='bbox 395 2371 472 2403; x_wconf 89' lang='lat' dir='ltr'>rerum</span> <span class='ocrx_word' id='word_1_193' title='bbox 485 2354 654 2402; x_wconf 79' lang='lat' dir='ltr'>abundantium</span> <span class='ocrx_word' id='word_1_194' title='bbox 664 2370 731 2411; x_wconf 75' lang='lat' dir='ltr'>,ma-</span> 
     </span>
     <span class='ocr_line' id='line_1_32' title="bbox 70 2416 730 2482; baseline 0.002 -18"><span class='ocrx_word' id='word_1_195' title='bbox 70 2416 234 2482; x_wconf 79' lang='lat' dir='ltr'>gnificentium</span> <span class='ocrx_word' id='word_1_196' title='bbox 253 2416 337 2465; x_wconf 75' lang='lat' dir='ltr'>edium</span> <span class='ocrx_word' id='word_1_197' title='bbox 358 2420 494 2482; x_wconf 81' lang='lat' dir='ltr'>regiarum,</span> <span class='ocrx_word' id='word_1_198' title='bbox 516 2430 660 2482; x_wconf 81' lang='lat' dir='ltr'>negaretque</span> <span class='ocrx_word' id='word_1_199' title='bbox 686 2433 730 2465; x_wconf 81' lang='lat' dir='ltr'>un.-</span> 
     </span>
     <span class='ocr_line' id='line_1_33' title="bbox 70 2477 728 2545; baseline 0.002 -18"><span class='ocrx_word' id='word_1_200' title='bbox 70 2495 144 2543; x_wconf 82' lang='lat' dir='ltr'>quum</span> <span class='ocrx_word' id='word_1_201' title='bbox 156 2479 286 2529; x_wconf 79' lang='lat' dir='ltr'>beatiorem</span> <span class='ocrx_word' id='word_1_202' title='bbox 299 2494 436 2543; x_wconf 81' lang='lat' dir='ltr'>quenquam</span> <span class='ocrx_word' id='word_1_203' title='bbox 448 2479 522 2529; x_wconf 78' lang='lat' dir='ltr'>fuiss&#39;e.</span> <span class='ocrx_word' id='word_1_204' title='bbox 555 2477 624 2527; x_wconf 88' lang='lat' dir='ltr'>Visne</span> <span class='ocrx_word' id='word_1_205' title='bbox 642 2480 728 2545; x_wconf 80' lang='lat' dir='ltr'>igitur,</span> 
     </span>
     <span class='ocr_line' id='line_1_34' title="bbox 69 2542 729 2599; baseline 0.002 -9"><span class='ocrx_word' id='word_1_206' title='bbox 69 2545 95 2591; x_wconf 91' lang='lat' dir='ltr'>in</span> <span class='ocrx_word' id='word_1_207' title='bbox 114 2542 311 2599; x_wconf 78' lang='lat' dir='ltr'>uit,dDamoc!es,</span> <span class='ocrx_word' id='word_1_208' title='bbox 341 2544 439 2591; x_wconf 82' lang='lat' dir='ltr'>uoniam</span> <span class='ocrx_word' id='word_1_209' title='bbox 453 2543 502 2592; x_wconf 71' lang='lat' dir='ltr'>huc</span> <span class='ocrx_word' id='word_1_210' title='bbox 513 2554 537 2590; x_wconf 88' lang='lat' dir='ltr'>tc</span> <span class='ocrx_word' id='word_1_211' title='bbox 550 2542 598 2591; x_wconf 85' lang='lat' dir='ltr'>vita</span> <span class='ocrx_word' id='word_1_212' title='bbox 611 2542 729 2599; x_wconf 60' lang='lat' dir='ltr'>delectat,</span> 
     </span>
     <span class='ocr_line' id='line_1_35' title="bbox 69 2557 730 2669; baseline -0.003 -14"><span class='ocrx_word' id='word_1_213' title='bbox 69 2557 117 2669; x_wconf 59' lang='lat' dir='ltr'>ipiJe</span> <span class='ocrx_word' id='word_1_214' title='bbox 143 2604 244 2653; x_wconf 79' lang='lat' dir='ltr'>eandem</span> <span class='ocrx_word' id='word_1_215' title='bbox 269 2604 331 2667; x_wconf 86' lang='lat' dir='ltr'>degn</span> <span class='ocrx_word' id='word_1_216' title='bbox 351 2620 411 2662; x_wconf 82' lang='lat' dir='ltr'>are,</span> <span class='ocrx_word' id='word_1_217' title='bbox 437 2607 464 2655; x_wconf 90' lang='lat'>&amp;</span> <span class='ocrx_word' id='word_1_218' title='bbox 485 2605 606 2655; x_wconf 80' lang='lat' dir='ltr'>fortunam</span> <span class='ocrx_word' id='word_1_219' title='bbox 630 2606 730 2669; x_wconf 85' lang='lat' dir='ltr'>experiri</span> 
     </span>
     <span class='ocr_line' id='line_1_36' title="bbox 70 2663 730 2732; baseline -0.003 -15"><span class='ocrx_word' id='word_1_220' title='bbox 70 2684 150 2717; x_wconf 81' lang='lat' dir='ltr'>mcum</span> <span class='ocrx_word' id='word_1_221' title='bbox 160 2671 236 2716; x_wconf 73' lang='lat' dir='ltr'>icum</span> <span class='ocrx_word' id='word_1_222' title='bbox 248 2663 272 2714; x_wconf 89' lang='lat' dir='ltr'>se</span> <span class='ocrx_word' id='word_1_223' title='bbox 285 2668 326 2715; x_wconf 89' lang='lat' dir='ltr'>ille</span> <span class='ocrx_word' id='word_1_224' title='bbox 341 2682 424 2732; x_wconf 84' lang='lat' dir='ltr'>cupere</span> <span class='ocrx_word' id='word_1_225' title='bbox 437 2665 547 2725; x_wconf 82' lang='lat' dir='ltr'>dixiffer,</span> <span class='ocrx_word' id='word_1_226' title='bbox 559 2668 673 2717; x_wconf 81' lang='lat' dir='ltr'>collocari</span> <span class='ocrx_word' id='word_1_227' title='bbox 684 2666 730 2729; x_wconf 87' lang='lat' dir='ltr'>jus·</span> 
     </span>
     <span class='ocr_line' id='line_1_37' title="bbox 70 2729 723 2795; baseline 0 -16"><span class='ocrx_word' id='word_1_228' title='bbox 70 2730 98 2779; x_wconf 80' lang='lat' dir='ltr'>lit</span> <span class='ocrx_word' id='word_1_229' title='bbox 112 2732 237 2779; x_wconf 89' lang='lat' dir='ltr'>hominem</span> <span class='ocrx_word' id='word_1_230' title='bbox 253 2730 278 2777; x_wconf 88' lang='lat' dir='ltr'>in</span> <span class='ocrx_word' id='word_1_231' title='bbox 297 2744 369 2778; x_wconf 81' lang='lat' dir='ltr'>dureo</span> <span class='ocrx_word' id='word_1_232' title='bbox 388 2732 464 2788; x_wconf 69' lang='lat' dir='ltr'>ledo,</span> <span class='ocrx_word' id='word_1_233' title='bbox 481 2731 552 2780; x_wconf 83' lang='lat' dir='ltr'>strato</span> <span class='ocrx_word' id='word_1_234' title='bbox 569 2729 723 2795; x_wconf 65' lang='lat' dir='ltr'>pulcherrim?</span> 
     </span>
     <span class='ocr_line' id='line_1_38' title="bbox 67 2790 705 2902; baseline -0.003 -61"><span class='ocrx_word' id='word_1_235' title='bbox 67 2794 146 2841; x_wconf 86' lang='lat' dir='ltr'>textili</span> <span class='ocrx_word' id='word_1_236' title='bbox 158 2790 259 2902; x_wconf 46' lang='lat' dir='ltr'>straffulo</span> <span class='ocrx_word' id='word_1_237' title='bbox 268 2826 274 2847; x_wconf 95' lang='lat'>,</span> <span class='ocrx_word' id='word_1_238' title='bbox 282 2792 415 2857; x_wconf 85' lang='lat' dir='ltr'>magnificis</span> <span class='ocrx_word' id='word_1_239' title='bbox 427 2794 536 2858; x_wconf 83' lang='lat' dir='ltr'>operibus</span> <span class='ocrx_word' id='word_1_240' title='bbox 547 2794 624 2857; x_wconf 61' lang='lat' dir='ltr'>pido,</span> <span class='ocrx_word' id='word_1_241' title='bbox 632 2791 705 2841; x_wconf 79' lang='lat' dir='ltr'>abaco</span> 
     </span>
     <span class='ocr_line' id='line_1_39' title="bbox 68 2856 692 2923; baseline -0.006 -19"><span class='ocrx_word' id='word_1_242' title='bbox 68 2871 114 2919; x_wconf 88' lang='lat' dir='ltr'>que</span> <span class='ocrx_word' id='word_1_243' title='bbox 133 2868 268 2923; x_wconf 76' lang='lat' dir='ltr'>computes</span> <span class='ocrx_word' id='word_1_244' title='bbox 281 2858 375 2905; x_wconf 79' lang='lat' dir='ltr'>ornavit</span> <span class='ocrx_word' id='word_1_245' title='bbox 386 2871 500 2922; x_wconf 82' lang='lat' dir='ltr'>argento,</span> <span class='ocrx_word' id='word_1_246' title='bbox 515 2868 619 2917; x_wconf 85' lang='lat' dir='ltr'>auroque</span> <span class='ocrx_word' id='word_1_247' title='bbox 630 2856 692 2901; x_wconf 73' lang='lat' dir='ltr'>celat</span> 
     </span>
    </p>
   </div>
   <div class='ocr_carea' id='block_1_4' title="bbox 0 321 810 3008">
    <p class='ocr_par' dir='ltr' id='par_1_8' title="bbox 0 321 810 3008">
     <span class='ocr_line' id='line_1_40' title="bbox 0 321 810 3008; baseline 0 2"><span class='ocrx_word' id='word_1_248' title='bbox 0 321 810 3008; x_wconf 95' lang='lat' dir='ltr'> </span> 
     </span>
    </p>
   </div>
   <div class='ocr_carea' id='block_1_5' title="bbox 70 2916 673 2991">
    <p class='ocr_par' dir='ltr' id='par_1_9' title="bbox 70 2916 673 2991">
     <span class='ocr_line' id='line_1_41' title="bbox 70 2916 673 2991; baseline -0.005 -25"><span class='ocrx_word' id='word_1_249' title='bbox 70 2932 122 2988; x_wconf 69' lang='lat' dir='ltr'>trun</span> <span class='ocrx_word' id='word_1_250' title='bbox 135 2916 283 2986; x_wconf 74' lang='lat' dir='ltr'>admenlum</span> <span class='ocrx_word' id='word_1_251' title='bbox 296 2919 385 2968; x_wconf 79' lang='lat' dir='ltr'>eximii</span> <span class='ocrx_word' id='word_1_252' title='bbox 392 2917 673 2991; x_wconf 24' lang='lat' dir='ltr'>sormipulerosdclcdios</span> 
     </span>
    </p>
   </div>
  </div>
 </body>
</html>
