1612 3008
252 122 536 173 ottarroxv.
685 138 727 182 133

23 223 29 231 x
69 237 168 275 omnent
180 220 247 274 illico
255 219 332 270 animi
344 217 463 268 tristitiam
475 221 500 269 in
514 217 631 269 conviviis
643 224 725 287 erpei-

68 288 116 345 lat,
129 281 279 358 moestosque
292 280 421 331 exhilaret:
437 283 471 333 ita
483 297 553 333 ruens
566 282 731 340 humaunbo·

67 366 104 399 nat
115 347 267 400 conscientia
280 342 386 410 prasidio
403 346 474 401 nixa,
489 346 545 395 iicet
560 345 650 395 invidia
661 352 727 395 nbu-

67 426 194 478 nunquam
211 420 352 474 prematur,
371 422 495 472 nunquam
512 420 593 457 tamen
614 410 730 473 opprimi-

64 486 118 525 tur:
135 473 180 524 Sed
193 474 280 522 Palmae
292 467 365 519 initu
373 465 396 518 se
408 472 494 536 erigit,
505 468 612 533 viresque
622 469 726 520 iaceffita

63 538 181 603 capient,
195 534 297 606 strenui?
309 566 319 605 ’.
331 531 477 590 laniandis,
493 533 520 584 δι
538 532 641 587 heroicis
658 536 727 596 crescit

63 604 155 652 aaut
165 603 247 662 captis,
262 602 329 646 Dtxt.

166 676 487 821 ORATIO
543 699 641 790 xv.

126 876 128 880 .
191 823 603 938 nerra‚&ejusaffetus‚

337 927 465 992 Recitata

67 1002 343 1061 coturno
374 1006 483 1059 vander
514 1012 726 1063 nuouctr.

69 1091 161 1174 CUm
172 1090 246 1145 ntulit
258 1092 353 1140 intueor
370 1088 586 1153 frequentiffimam
605 1089 665 1139 hanc
681 1091 727 1140 do·

113 1149 266 1203 iiiiiimotnm
278 1153 383 1202 vitorum
394 1166 526 1208 coronam,
539 1154 565 1202 δι
577 1166 671 1202 mecum
685 1154 726 1204 de·

68 1225 144 1278 puto,
161 1229 234 1280 quarn
247 1214 336 1272 solida,
353 1218 378 1265 &
391 1210 484 1264 subaua
502 1213 530 1264 fit
546 1230 630 1265 cotum
649 1217 725 1266 etudi-

67 1277 229 1343 tio,quotunt
244 1280 328 1327 oculos
340 1276 496 1341 undecunque
509 1280 534 1327 in
546 1293 586 1327 tue
599 1283 726 1328 conversos

65 1336 113 1389 effe
125 1339 306 1396 animadverto,
321 1355 371 1388 non
384 1336 490 1405 poss'um,
506 1340 563 1390 dum
581 1344 663 1390 oneris
679 1340 726 1391 sus-

65 1404 130 1466 cepti
141 1401 332 1468 magnitudinem
360 1417 414 1452 tum
436 1402 523 1452 vitibus
542 1405 603 1453 meis
621 1401 723 1454 sollicite

66 1480 200 1529 comparo,
216 1479 267 1513 non
278 1464 399 1524 infantia,
417 1466 578 1515 &tenuitatis
594 1481 652 1514 meae
672 1465 725 1515 sen·

64 1524 106 1583 su,
119 1542 148 1576 nc
160 1526 305 1575 conscientia
316 1529 468 1578 vehementer
485 1529 640 1578 commoveri.
653 1533 724 1579 ‹Nam

63 1589 172 1639 diceudo
190 1586 301 1652 consequi
318 1590 343 1639 id
361 1591 425 1640 nenti
444 1604 499 1637 uam
516 1588 636 1645 confido,
655 1591 724 1654 quod

64 1652 106 1701 hic
119 1653 234 1707 locua,&
245 1650 335 1703 nobilis
347 1654 423 1702 ornati
443 1652 722 1702 rmornmvirorumcou·

65 1712 153 1771 festus,
169 1728 221 1762 non
232 1714 337 1778 polliceri
350 1713 393 1764 fibi
404 1727 510 1770 tantum,
525 1710 565 1762 sed
583 1715 609 1762 δι
627 1713 722 1778 exigere

64 1777 167 1827 videtur.
183 1781 276 1826 Tamen
288 1791 342 1827 cum
354 1774 552 1842 ampliffimotum
564 1779 722 1835 Curatorum,

64 1843 90 1891 bt
101 1840 202 1889 restoria
213 1840 341 1896 autoritas,
356 1838 526 1904 laudabilisque
546 1836 614 1900 hujus
632 1838 721 1889 schole

63 1904 149 1953 multis
161 1901 211 1962 jam
224 1900 288 1952 retrb
301 1903 368 1951 aunis
381 1900 572 1958 consuetudo‚&
585 1898 659 1951 officii
671 1903 721 1952 mei

62 1967 143 2021 ratim
156 1964 220 2013 hauc
233 1965 296 2014 mibi
307 1966 453 2030 provinciam
466 1967 591 2029 imponant
604 1996 612 2020 ,
626 1979 655 2013 ex
674 1966 721 2014 hoc

62 2028 136 2085 loco,
150 2026 180 2075 de
191 2040 333 2093 argumento
345 2027 427 2092 aliquo
445 2026 611 2083 declamandi,
625 2041 720 2077 morem

29 2144 35 2157 ,
63 2090 93 2140 iis
106 2105 188 2156 gerere
200 2106 250 2139 nou
263 2088 383 2148 dubitavi,
394 2094 420 2140 δι
433 2089 463 2138 de
477 2104 505 2137 ea
518 2088 592 2137 animi
602 2087 723 2152 perturba·

64 2153 133 2202 tione
156 2150 368 2215 impraesentiarum
394 2150 455 2216 apud
474 2166 518 2199 vos
536 2148 607 2199 verba
625 2150 722 2209 facete,

63 2229 139 2279 quam
153 2219 242 2264 IRAM
257 2230 287 2278 ap
304 2215 403 2262 ellamus
416 2247 423 2275 2
437 2227 490 2278 qua
506 2224 600 2261 tantum
617 2210 680 2262 abest
695 2228 721 2265 ut

63 2279 108 2326 ulii
120 2273 247 2327 affectuum
258 2229 341 2333 cegat,
357 2290 382 2324 ut
393 2276 503 2325 omnium
515 2287 610 2331 eontra,
623 2276 660 2324 vel
671 2275 721 2341 ipsa

63 2341 212 2405 experientia
225 2354 302 2388 rerum
313 2336 435 2404 magistra,
450 2335 631 2387 violentiffimnt
643 2337 720 2388 habe-

63 2403 104 2450 ri:
122 2406 148 2453 bt
160 2401 208 2450 dici
222 2399 299 2464 potiit.
332 2405 398 2450 Nam
414 2399 472 2465 qnid
492 2401 534 2448 iila
551 2400 631 2457 aliud,
646 2415 719 2465 quam

60 2466 144 2525 furor,
160 2477 185 2513 ut
199 2466 240 2514 ille
252 2464 301 2520 ait,
315 2465 389 2513 brevis.
403 2470 454 2514 Hac
466 2464 507 2526 qui
523 2460 668 2526 abripiuntur
682 2466 720 2512 ui·

65 2527 118 2576 bilo
130 2525 219 2576 insanis
231 2522 333 2575 saniores
344 2523 411 2585 suut,
427 2539 452 2575 ut
466 2524 526 2573 bene
540 2525 600 2574 oiim
611 2522 721 2574 observa-

64 2601 119 2643 tum
136 2589 151 2640 b
172 2590 247 2641 Po'e'ta
264 2620 271 2646 ,
288 2590 421 2705 μηνίμὲτα
438 2588 523 2643 πάντη
535 2585 618 2657 irritet
635 2588 720 2696 ὀργιζό-

289 2681 297 2695 ,
407 2667 421 2714 7
653 2666 690 2711 pu·
707 2661 728 2697 a:
