1612 3008
109 195 155 254 ,ω
235 185 422 253 Jroonr
452 185 643 240 crocu

100 286 222 354 fastigium
232 289 305 337 eniti:
321 286 363 336 illa
376 288 442 337 enim
455 288 488 338 est
500 301 551 352 quae
566 298 681 336 mentem
701 279 772 353 perfi-

101 356 134 402 tit
149 356 174 403 dt
187 350 307 411 adornat,
328 350 442 411 judicium
456 352 547 402 format
562 385 569 407 ‚
592 350 726 416 ingenium
748 366 772 401 a·

102 417 166 465 cuit:
182 418 208 465 dt
224 426 316 479 quanto
330 412 406 464 brutia
418 416 492 482 longe
510 411 602 527 prestat
624 414 772 466 animalium

103 476 280 529 nobilissimum
303 476 400 537 homo,
421 491 491 529 tanto
528 477 643 527 ominem
667 476 771 529 homine

131 540 288 591 estantiorem
313 538 381 591 facit.
413 544 536 603 Arpimeles
563 536 772 604 Philosophorum

101 554 145 656 file
152 598 282 719 princeps}
295 599 368 653 crasso
385 604 481 654 cuidam
499 602 596 654 homini
615 600 774 665 sciscitanti,
797 598 799 661 Ῑ

102 670 151 736 Qti
179 664 238 717 eiset
250 664 393 717 discriminis
412 668 474 717 inter
487 665 589 723 clodos,
607 668 635 716 δι
648 666 774 727 indodlos,

102 730 168 781 haud
182 728 266 781 inscite
277 729 420 794 respondit,
437 730 510 793 Qtod
528 730 591 777 inter
610 729 726 781 viventes
745 734 770 783 dc

102 808 229 851 mortuom
248 793 351 842 innuens
364 809 415 842 non
429 795 509 844 minos
526 792 618 841 eximie
638 806 715 857 qnam
734 792 770 844 sa·

101 858 207 923 plenem,
221 870 265 905 eos
276 857 319 920 qui
327 870 455 921 corporum
466 853 544 906 folum
557 855 609 903 vita
620 853 769 917 fruerentur,

119 924 175 971 itam
190 917 305 967 hebemus
319 934 374 969 cum
388 934 474 983 pecore
486 916 766 983 arcadiocommunem,

100 933 128 1034 ἓ(
140 982 244 1033 externis
255 978 334 1032 solum
345 984 422 1034 oculis
434 984 514 1032 Solent
519 981 764 1048 intuerentur,qnem

102 1046 146 1099 lon
164 1061 178 1095 e
190 1044 280 1095 acutius
290 1057 392 1095 cernunt
403 1044 511 1110 neptuim
528 1045 618 1093 animis
633 1046 763 1112 vero,qtti-

101 1060 237 1159 busincem
249 1121 277 1157 ac
291 1109 367 1159 vitam
379 1107 456 1158 donat
469 1112 575 1165 Eruditie,
583 1106 650 1156 nihil
662 1112 762 1159 omnino

101 1183 238 1229 cernerent,
252 1171 294 1220 vir
314 1185 342 1221 ac
359 1186 390 1221 ne
405 1173 446 1221 via
465 1171 579 1220 Hominis
599 1170 760 1235 appellatione

101 1234 203 1300 dignos,
219 1231 259 1283 sed
271 1246 381 1284 mortuos
393 1236 470 1284 verius
482 1228 528 1283 effe
540 1246 617 1297 qnam
630 1234 701 1285 vitoe
713 1254 722 1293 3
737 1238 760 1287 δι

100 1312 176 1355 aura,
191 1297 273 1346 omnis
285 1296 400 1349 dodlrinae
413 1311 500 1346 vacuos
508 1295 611 1345 athenea
622 1293 704 1348 solum
722 1314 762 1347 te-

99 1357 146 1418 sti,
161 1374 208 1425 qua
221 1361 247 1408 &
259 1357 332 1416 asinia
348 1372 491 1425 tantumque
504 1356 534 1424 (fi
545 1373 583 1408 rea
593 1358 761 1425 dicendaJdif-

99 1422 161 1472 ferre
173 1422 302 1488 degeneres
314 1423 421 1481 animas,
436 1434 570 1488 quantum,
590 1419 606 1472 n
626 1422 762 1473 videntibus

99 1487 161 1537 caeci.
193 1490 229 1535 lta
246 1484 355 1550 profesto
371 1485 423 1542 est,
439 1486 578 1536 Auditores„
612 1485 676 1547 Qid
694 1489 761 1538 enim

97 1564 160 1599 vana
172 1550 235 1608 haec,
251 1564 303 1615 quae
314 1558 439 1614 tantopere
452 1552 580 1606 miramur,
596 1547 656 1613 quid
672 1551 760 1613 patria,

98 1613 157 1677 quid
170 1628 257 1679 genus,
271 1612 332 1724 guid
343 1613 435 1668 forma,
451 1612 509 1677 quid
522 1611 710 1675 honorea,quid
722 1613 760 1662 di·
797 1624 800 1703 4

97 1677 214 1741 gnitates,
228 1677 270 1740 qui
298 1677 346 1726 alia
356 1676 457 1725 fortunae
472 1672 593 1732 ludibria,
610 1672 673 1723 fiad
692 1677 760 1726 tecit

96 1740 196 1788 tationis
207 1740 301 1788 lancem
312 1739 452 1804 exigantur?
460 1738 544 1787 Nihil:
556 1738 620 1802 Quia
632 1735 650 1785 li
661 1735 760 1797 abeunt,

96 1802 159 1851 nihil
172 1801 293 1859 auferunt,
308 1799 351 1852 nifi
363 1802 439 1853 semet
448 1799 542 1867 ipsam&
554 1801 579 1848 in
590 1800 638 1849 ltoc
651 1800 721 1850 fluxu
733 1806 759 1853 δι
798 1806 800 1813 “

95 1865 203 1922 refluxu,
214 1879 293 1914 rerum
303 1863 473 1922 humanarum,
489 1865 609 1914 malorum
619 1864 759 1915 irritamen·

95 1940 120 1976 ta
133 1924 198 1986 sunt,
224 1942 276 1976 non
293 1928 417 1985 remedia,
438 1927 482 1977 nisi
495 1939 604 1977 mentem
622 1927 762 1980 humanam

93 2001 177 2039 natura
210 2005 294 2040 caecam
320 2026 327 2047 ,
353 1993 470 2055 Sapientia
502 1994 622 2040 eruditione
652 1993 758 2042 comita·

92 2065 118 2101 ta
146 2066 212 2121 regat
244 2057 271 2104 dt
302 2054 464 2103 moderetur:
496 2068 570 2119 quam
603 2054 646 2118 qui
679 2053 756 2119 poili·

91 2114 170 2173 dent,
194 2132 248 2167 cum
276 2131 367 2182 magno
393 2118 438 2165 illo
469 2120 618 2166 BIANTE
643 2115 669 2164 in
692 2116 758 2168 urbis

90 2179 171 2242 patria
186 2193 295 2243 captura,
313 2184 336 2230 dt
350 2179 528 2236 excidio‚intcr
540 2177 757 2255 micantesubiquc

90 2240 198 2307 gladios,
214 2258 238 2291 ra
255 2244 307 2291 inas
321 2243 534 2299 militum,civium
541 2241 628 2308 strages
640 2243 756 2293 atlante·

91 2305 217 2360 nas,nihil
247 2303 338 2355 erebus
351 2304 395 2356 suis
408 2303 566 2369 asportantes,
577 2306 660 2354 omnia
668 2318 753 2356 tamen

86 2365 129 2416 soa
139 2366 217 2417 secum
229 2381 340 2432 portant,
357 2372 383 2419 ἃ
396 2370 449 2432 plus
461 2365 516 2418 satis
528 2367 571 2418 fibi
584 2368 697 2418 relidlum
709 2385 754 2435 pu·

87 2443 154 2488 tant,
170 2429 187 2479 fi
203 2446 245 2479 eos
258 2431 382 2488 dodrina,
396 2433 412 2481 fi
427 2436 521 2480 Eruditio
534 2432 715 2482 comitemfflae
728 2449 754 2483 e-

86 2495 139 2543 nim
153 2508 213 2542 verae
226 2493 278 2543 sunt
292 2510 366 2559 opes,
382 2510 433 2559 quae
454 2491 523 2559 supra
539 2509 641 2544 omnem
665 2496 755 2545 incon·

29 2600 33 2607 .
86 2556 753 2615 liantiae&mutationisaleamcollocatae,nudummau·

78 2617 196 2690 fragam,
211 2621 308 2671 exulem
318 2618 406 2687 ubique
419 2634 538 2670 terrarum
549 2618 697 2686 sequnntur,
711 2620 753 2672 vel

70 2684 107 2738 ad
120 2687 239 2740 ultimam
251 2689 333 2741 Thulen
346 2698 389 2738 aot
404 2697 528 2737 extremos
544 2688 683 2734 nonnanes
697 2685 761 2804 ςῖῳὶιλιξ
