1612 3008
89 127 133 171 ιιι
216 115 402 181 Jaconr
433 116 622 189 caucr1
765 39 776 155 i

88 234 198 272 mentum
218 218 248 269 ad
264 217 330 269 sacra
351 236 433 286 pugnae
448 223 574 269 veritatem
590 217 742 282 expendant,
793 230 796 259 ÷

88 285 226 349 discantque
238 288 344 333 venerari
356 286 417 333 hanc
433 292 474 332 Dei
486 287 510 332 in
522 283 655 347 pleitrudis
682 298 743 331 ecca·
777 318 779 329 .
794 316 796 322 ι

43 377 47 388 -
91 352 122 398 tis
138 351 266 399 hominum
277 348 360 409 juliam
373 347 604 401 severitatem,hinc
616 348 641 394 in
666 361 743 395 erran·
777 344 780 373 ²

90 410 183 463 dissuis
196 409 322 477 plusquam
350 423 457 459 aternam
469 409 523 459 beni
542 410 743 465 nitatem,&cle-

91 477 217 525 mentiam.
249 473 322 538 Sedq
347 471 510 523 dsoiiiucem
522 425 646 528 soeneror,
663 474 689 523 δι
706 472 745 521 fri-

92 539 156 604 gidis
176 537 359 598 objeuunrulis
375 535 511 585 refellendis
528 536 626 600 longius
645 549 686 583 me
703 535 745 583 im·

91 600 186 665 pendo,
200 613 259 663 quas
272 601 298 647 δι
309 599 415 648 fullones
427 597 657 664 exsibilent,paullo
671 595 746 649 sanio-

91 666 146 714 tes?
161 663 231 712 Finio
244 660 543 717 Auditores,&utnautae
568 688 570 693 ·
780 616 787 747 Ι

156 728 301 787 —qmdo
312 744 338 772 rx
348 730 388 772 asra
396 729 470 789 procus

157 792 242 836 Terram
254 788 387 849 conspiciunt,
700 836 703 841 ,

90 867 122 902 ex
137 851 221 900 animo
231 849 351 899 letanturr
366 848 398 897 fic
411 856 459 914 ego
472 849 516 915 qui
525 863 614 901 terram
627 865 679 899 non
692 848 749 916 aspi
785 866 789 899 ι

92 918 132 964 cio
147 911 187 963 sed
200 925 283 978 tango.
306 911 433 963 Audivistia
444 916 556 972 Musarum
568 915 749 977 antiquitatem,

92 975 243 1029 intellexistis
256 973 324 1025 studii
337 976 427 1041 po'e‘tiei
437 975 608 1040 praestantiam,
620 979 754 1027 utilitatem¹

92 1044 145 1103 eius
160 1037 309 1106 degustastis,
323 1034 462 1087 suavitatem
474 1038 585 1090 hausistis.
615 1039 713 1090 Vidistis
726 1042 751 1091 itt

92 1115 187 1168 quanto
201 1103 263 1151 olim
276 1102 353 1166 pretio
369 1101 458 1163 fuerint
474 1104 566 1161 Po'e'tae,
583 1116 660 1169 quam
674 1102 751 1169 grati,
789 1114 792 1161 Ι

94 1181 171 1231 quam
182 1166 272 1228 accepti
284 1169 309 1215 in
320 1164 379 1213 aulis
393 1166 527 1231 Principum
539 1201 547 1223 ,
564 1181 638 1241 quam
648 1164 753 1215 santilia-

96 1233 152 1278 riter
164 1243 220 1277 eum
230 1229 260 1276 iis
274 1225 519 1284 vixerint,sermones
530 1226 687 1287 sociaverint,
695 1244 752 1279 con·

95 1294 172 1342 vivati
190 1288 236 1338 sint
257 1305 312 1338 cum
324 1290 525 1355 Imperatotibus,
551 1308 606 1342 cum
623 1291 752 1357 negibusz

95 1369 149 1419 quat
161 1353 271 1402 laborum
283 1351 379 1402 suorum
390 1355 511 1404 retulerint
524 1358 632 1420 prumia,
647 1368 708 1418 quas
718 1354 753 1404 di-

95 1419 213 1482 gnitates,
228 1430 289 1480 quos
302 1416 419 1475 honores,
430 1432 488 1482 quae
500 1434 566 1483 opes.
581 1418 695 1484 Qiddili
712 1434 754 1475 eu·

43 1528 46 1535 ,
96 1483 157 1529 riam
169 1478 269 1530 vestram
281 1494 394 1535 exacuat,
419 1480 460 1531 uid
472 1495 581 1530 amorem
595 1480 684 1532 nobilis
690 1434 754 1532 istius

97 1543 167 1593 siudii
179 1544 269 1609 po'e'tici
280 1546 366 1592 animis
379 1560 407 1592 ve
427 1546 458 1592 ris
476 1546 615 1607 ingeneret,
636 1545 695 1611 quid
712 1559 753 1609 ge-

96 1609 165 1658 nium
177 1605 294 1664 vestrum,
304 1607 362 1671 quid
379 1607 502 1672 ingenium
513 1607 635 1664 stimulet,
648 1608 754 1672 compel-

97 1672 132 1720 lat
147 1672 163 1728 ,'
176 1672 258 1720 inritet
273 1669 304 1718 ad
316 1669 398 1719 seriam
411 1673 538 1720 Poetarum
554 1672 707 1730 leuiorem,
729 1672 753 1720 δι

32 1787 34 1790 ,
97 1731 237 1800 generosam
250 1730 351 1782 Poeseor
364 1732 559 1792 emulationem,
574 1733 619 1785 nist
633 1734 683 1784 haec
694 1733 754 1783 finti

97 1799 170 1845 viam
180 1810 253 1860 quam
266 1793 368 1844 infistere
381 1812 424 1845 voe
437 1798 495 1846 volo
507 1798 605 1847 arduam
617 1794 665 1847 esse
682 1798 755 1855 novir

98 1856 140 1908 sed
153 1871 179 1906 ut
197 1857 299 1907 Athletae
312 1856 378 1907 eursu
389 1876 440 1909 non
455 1874 497 1909 eos
508 1859 634 1926 respiciunt
643 1876 709 1927 quos
721 1874 757 1908 re

97 1922 218 1985 liquerunt
226 1918 280 1975 ,sed
290 1920 417 1971 intendunt
428 1925 454 1972 in
466 1923 608 1987 prioreszsrc
621 1940 665 1973 vos
678 1925 758 1973 ineos

98 1987 141 2097 gui
153 1983 221 2040 vobis
234 1983 361 2035 doctiores.
390 1988 537 2036 Immortalis
548 1983 599 2036 sum
613 1986 630 2036 sr
642 2002 684 2052 per
697 1984 758 2036 defi-

117 2049 166 2097 iam
179 2047 256 2097 aditus
268 2047 299 2096 ad
313 2049 522 2110 immortalitatem
537 2063 609 2114 paret.
642 2056 674 2099 Ut
688 2048 759 2099 arbo-

83 2154 86 2161 .
99 2126 152 2161 rem
164 2112 270 2176 plantare
282 2109 336 2161 satis
349 2128 400 2161 non
411 2112 459 2170 est,
473 2115 562 2178 rigare,
573 2125 659 2178 ¹putare
672 2111 760 2171 debes,

100 2178 127 2225 ὃ(
139 2177 254 2239 pertinaci
264 2174 328 2223 cultu
339 2175 455 2240 quidquid
466 2173 543 2240 speras
549 2175 713 2242 urgerersrein
732 2192 757 2224 e-

100 2240 169 2286 ninm
184 2237 326 2287 Monalium
344 2240 440 2288 animoa
463 2252 546 2288 natura
557 2239 705 2296 dotat,indu
727 2241 760 2289 ria

100 2299 199 2364 perficit.
218 2297 388 2349 Laborandum
400 2302 438 2351 hie
449 2300 466 2349 fi
478 2301 591 2367 usquam,
607 2316 651 2351 nec
662 2304 761 2357 alinle·

101 2377 133 2435 ge
145 2376 239 2425 paratur
250 2360 367 2419 eruditio,
384 2364 445 2412 nihii
456 2380 553 2430 quoque
570 2364 601 2414 ad
622 2367 760 2417 aeternitatis

101 2432 195 2474 mmam
213 2422 351 2489 gloriosius,
366 2426 396 2473 ad
414 2429 519 2492 exempli
539 2442 653 2477 normam
670 2431 760 2479 utilius.

102 2487 176 2548 Musas
185 2487 286 2550 quidem
298 2488 323 2535 in
336 2491 433 2549 Parmffa
446 2488 553 2540 sedentes
567 2489 697 2542 somniavit
710 2499 760 2543 An-

101 2551 212 2613 tiquitas,
229 2565 303 2598 nemo
314 2563 396 2600 tamen
409 2552 439 2601 ad
453 2555 505 2603 illas
517 2554 560 2603 nisi
574 2553 672 2613 stando,
687 2560 713 2606 &
727 2557 762 2606 vi·

71 2620 75 2627 “
96 2611 203 2683 giiaudo
208 2614 326 2680 pervenit.
341 2615 386 2668 Sed
396 2617 492 2685 longius
502 2616 620 2684 provehor
632 2620 658 2668 iu
670 2621 761 2669 oratio·

724 2696 773 2736 ne,
