1590 3036
259 86 458 187 enarro
487 121 564 171 rrv.
670 129 717 180 4⁶,

48 216 164 274 inermis,
177 215 253 268 funda
268 233 295 268 ac
307 219 396 285 lapillis
414 231 508 269 tantum
521 218 615 282 aliquot
632 217 717 268 instru-

49 283 117 338 dtus,
132 282 171 330 hic
184 283 256 330 armis
269 282 298 330 ad
311 295 428 332 terrorem
440 299 493 333 non
513 283 582 330 unius
600 294 640 329 aut
659 282 718 330 alte-

51 345 100 392 rius
113 343 152 393 sed
172 346 282 393 omnium
302 348 455 406 israelitarum.
489 345 548 406 Qris
567 357 624 392 vtro
642 344 719 408 impo

53 407 122 456 randi
134 423 161 455 ac
176 409 202 456 in
215 409 276 456 alios
288 407 431 458 dominandi
439 412 517 474 ,leges
530 405 635 463 ferendi,
643 411 718 457 Rem·

52 467 175 533 publicam
189 469 371 521 administrandi
387 471 431 521 fibi
443 487 504 520 onus
520 470 614 534 imponi
628 481 719 533 patere-

50 543 105 589 tut,
121 545 160 583 aut
174 531 313 597 impositum
332 535 391 583 ilico
411 551 462 584 non
483 533 678 598 subterfugeret,
699 531 718 583 fi

52 594 134 645 secum
146 592 194 660 ipse
207 594 315 645 habitate
326 600 352 647 δι
368 602 418 658 quid
431 599 486 657 ferre
499 599 600 658 recedent,
617 598 669 660 quid
681 614 720 644 va·

52 660 107 705 leant
120 663 197 707 humei
210 660 293 708 animo
302 657 346 709 suo
360 662 468 709 volutare
482 660 589 723 coeperit.
598 663 677 722 Qtam
689 657 717 707 lit

53 718 99 770 fibi
111 734 177 787 curta
194 719 319 787 supellex,
343 736 416 786 quam
432 721 590 773 intolerabilis
605 722 718 786 negotio-

53 798 110 834 rum
121 785 286 896 magnitudo,
303 797 397 849 quanta
415 786 440 834 iu
464 783 601 834 muneribus
620 783 720 848 publicio

53 847 160 897 devorati
179 863 196 894 ae
208 846 337 904 molestia,
361 859 405 898 uot
418 851 444 898 δι
455 862 544 913 quanta
552 845 670 896 subeunda
677 862 718 910 pc·

54 910 143 959 ricula?
159 911 218 972 Qris
231 914 306 958 Aula
316 862 455 967 sedaretur,
472 911 525 976 quis
537 907 657 959 turbidum
670 911 717 959 hoc

54 974 109 1023 vitae
121 988 197 1038 genus
210 974 322 1037 ampledli
334 975 361 1022 in
374 974 483 1023 animum
494 972 636 1023 induceret?
658 974 718 1036 Qrit

55 1039 146 1098 ‘Regillo
158 1051 185 1084 ac
198 1039 323 1099 Principibus
335 1033 359 1084 se
377 1049 456 1085 totum
475 1036 621 1100 manciparet
634 1071 641 1093 ,
662 1051 718 1086 cum

56 1113 120 1163 quos
132 1097 162 1146 ad
175 1111 268 1161 tempus
281 1097 365 1148 favore
381 1097 423 1149 suo
436 1099 557 1210 complexi
570 1095 622 1147 sunt
636 1134 643 1155 ,
657 1114 717 1149 mox

57 1160 118 1209 odio
128 1160 247 1219 habeant,
263 1159 402 1220 destituant,
419 1163 444 1211 in
459 1164 497 1212 exi
507 1163 558 1210 ium
571 1164 717 1217 mittant,&

58 1222 230 1288 dignitatibus,
245 1225 296 1273 imo
309 1223 358 1290 ipsa
376 1239 551 1289 nonnunquam
570 1225 630 1273 lucis
650 1223 717 1274 usura

56 1287 174 1336 innoxios
186 1289 212 1337 δι
224 1288 333 1337 incautos
362 1290 453 1338 riventl
465 1287 529 1352 Qlid
541 1288 716 1338 mirumlNam

57 1362 84 1398 ut
99 1352 184 1399 oeulos
200 1350 301 1400 minima
315 1302 404 1401 sedura
421 1349 512 1400 l'nditur
527 1369 535 1407 ς
551 1348 582 1400 fic
591 1342 731 1411 *Prinnpum-

78 1414 197 1471 ratia‚vel
212 1414 314 1463 minima
324 1411 413 1464 offensa
424 1413 491 1464 cedit
501 1416 526 1463 dt
539 1411 612 1476 pent:
635 1412 717 1463 Testes

57 1427 98 1525 dic
111 1478 206 1540 appello
219 1480 349 1527 ,Aulirorum
363 1477 393 1526 ad
400 1490 492 1540 tempus
503 1474 718 1535 fortunatissimos,

57 1542 175 1599 Harpngot,
192 1541 316 1601 Prexnspet,
333 1544 398 1594 clytos
412 1576 421 1594 ,
439 1542 594 1596 Parmeniona,
609 1541 715 1598 Sejane055

59 1598 162 1649 addo&
177 1606 275 1648 «iratum
292 1601 412 1664 optimum
431 1601 585 1663 Principem,
600 1602 641 1664 qul
659 1617 716 1651 cum

60 1660 201 1726 sanguinem
222 1660 343 1726 exspueret
364 1660 448 1711 hausto
470 1660 598 1711 venenoa
626 1666 718 1726 Philippo

61 1728 170 1774 Muedonr
182 1723 225 1773 srbi
235 1725 374 1790 propinato,
389 1726 415 1775 iu
428 1725 471 1775 has
481 1726 557 1789 erupit
569 1740 654 1782 voces,
670 1730 718 1777 Hae

56 1791 108 1851 sum
121 1795 175 1851 ugia
187 1793 282 1836 amicim
292 1793 387 1851 preclara
400 1792 501 1848 premia!
515 1803 644 1853 verumque
655 1788 715 1839 illud

60 1847 107 1901 effe
119 1848 159 1900 suo
172 1852 284 1916 exemplo
296 1850 474 1924 comprobavit,
484 1852 550 1919 quod
564 1853 677 1901 nimirum
690 1865 715 1902 ut

61 1918 252 1964 ,arithmeticorum
276 1915 360 1963 calculi
382 1915 511 1979 aliquando
537 1916 617 1965 valent
636 1916 713 1966 multa

60 1978 153 2034 millia,
167 1977 297 2040 aliquando
309 1976 384 2033 nihil,
400 1977 479 2027 modo'
489 1977 620 2036 talentum,
635 1978 713 2029 modo

61 2039 162 2090 obulum
174 2054 264 2087 aeneum
279 2058 286 2088 :
303 2037 334 2089 sic
354 2048 433 2110 ‘sptem
455 2041 558 2098 amicis,
585 2042 714 2106 aliquando

60 2101 155 2176 quidvis
169 2099 275 2166 possunt,
291 2101 367 2151 tutsus
379 2115 470 2152 mutata
483 2105 508 2153 in
525 2102 646 2153 fastidium
662 2120 715 2168 gra·

59 2178 109 2222 tra,
123 2165 192 2216 nihil.
224 2170 247 2214 O
259 2164 407 2229 splendidam
418 2164 551 2217 miseriam!
568 2171 590 2214 0
604 2164 716 2218 miseram

60 2230 151 2283 vitam,
167 2229 232 2286 imo,
250 2242 275 2277 ut
287 2229 363 2277 verius
375 2229 400 2278 lo
420 2230 555 2287 uar,vitam
567 2245 617 2278 non
629 2231 712 2284 vitant!

61 2291 126 2354 Qrid
139 2292 241 2340 mitum?
256 2290 393 2340 dominatur
406 2293 414 2339 i
430 2292 439 2339 i
451 2293 557 2340 maxime
568 2292 716 2349 invidia,lo.

62 2371 117 2403 cum
129 2352 163 2402 ibi
175 2354 297 2403 calumnia
313 2367 385 2420 atque
403 2353 586 2404 obtredtationes
604 2354 714 2418 habent,

61 2417 134 2468 facile
146 2432 173 2464 ac
182 2416 258 2467 subito
270 2419 332 2466 iram
341 2432 439 2532 pravom
450 2421 552 2480 Principes
563 2419 715 2483 concipiunt,

64 2482 91 2530 &
104 2494 245 2543 conceptam
256 2478 327 2529 semel
357 2482 381 2529 iu
393 2483 496 2531 retinent
508 2516 515 2538 ,
529 2482 623 2530 moneri
636 2481 658 2532 se
673 2498 713 2535 aut

62 2543 202 2607 reprehendi
215 2558 273 2609 agre
285 2543 416 2594 admodum
429 2544 516 2594 ferunt.
531 2545 599 2595 Unde
613 2547 714 2604 Callisthe-

60 2602 239 2675 ni'propinquo
257 2604 301 2662 suo
328 2603 471 2727 consvuluislo
499 2609 635 2675 Atilium
656 2609 733 2714 le&

416 2689 430 2734 7
740 2698 752 2719 ι
