1612 3008
248 351 451 399 ORATIO
483 356 572 402 xxll.
678 370 723 413 219

62 463 109 505 ne,
125 460 199 513 quam
212 461 253 511 pat
264 448 305 499 est.
320 454 370 499 Vos
385 446 516 506 studiosos,
528 454 553 501 &
572 452 723 501 commilito·

61 528 105 561 nes
118 509 263 562 rinviffimos
276 514 350 561 etiam
363 524 435 577 atque
454 515 528 561 etiam
544 514 653 562 monitor
666 548 673 570 ‚
696 518 723 564 bt

62 588 161 641 rogatos
178 576 251 631 volo,
265 590 290 624 ut
302 591 330 624 ea
342 591 393 640 quae
406 576 420 625 xa
432 590 472 624 me
484 574 547 625 dieta
561 573 655 625 suntad
668 578 720 625 ani-

63 654 132 688 mum
144 640 267 688 revocetis.
299 645 392 688 venam
404 638 451 705 qui
464 654 508 687 vos
521 651 604 687 natura
616 638 723 687 instruxit

62 702 242 767 colite,po‘e'tas
256 718 310 751 cum
323 707 415 759 Grecos,
428 715 481 751 tum
499 707 579 751 Latinos
590 700 658 752 vobis
671 702 724 750 red-

63 764 114 814 drte
125 766 268 824 familiares,
283 780 378 815 carmen
390 779 489 830 utroque
502 767 583 839 lingua
600 780 650 815 non
662 780 721 827 ·poe-

64 829 191 878 nitendum
203 826 348 885 scribere‚&
359 844 442 878 arcuna
454 828 563 893 mysteria
583 843 612 877 ue
624 830 723 885 omnia,

64 908 117 957 qun
128 894 166 941 vel
178 892 290 941 divinitus
302 893 332 942 ab
346 898 431 940 Homero
445 928 451 949 ‚
468 895 539 940 Plinio
555 842 601 941 isso
618 905 699 941 vatum
715 927 723 947 ,

64 957 103 1005 vel
116 953 239 1021 ingeniose
252 955 281 1004 ab
295 958 361 1012 aliis,
377 956 418 1020 qui
429 955 473 1004 hac
485 956 510 1003 in
523 966 588 1019 parte
605 956 724 1005 excellue-

65 1033 139 1077 runt,
155 1019 248 1083 prodita
264 1035 290 1068 ac
305 1020 387 1069 relitla
408 1017 481 1074 sunt,
501 1020 617 1067 nocturna
633 1017 724 1068 versare

66 1098 153 1138 manu,
168 1083 255 1132 versate
267 1083 358 1134 diurna.
374 1083 436 1147 Qud
449 1082 512 1131 enim
526 1081 570 1143 (ita
582 1096 623 1130 me
637 1080 722 1145 Musu)

65 1143 155 1210 scriptis
167 1162 250 1195 comm
260 1146 368 1202 doctius,
391 1143 449 1210 quid
465 1145 586 1193 ornatius?
599 1144 640 1219 qui
655 1146 723 1209 lepo-

66 1225 103 1258 res
116 1209 217 1274 ubiqne,
232 1224 282 1273 qur
303 1214 407 1258 Veneres
421 1244 429 1266 ‚
450 1223 501 1273 quer
513 1208 649 1319 eleffantir?
663 1222 723 1273 quar

67 1274 174 1337 quinon
191 1273 338 1322 admirentur
351 1309 358 1330 ‚
373 1286 412 1329 eas
435 1270 546 1336 proculdu
564 1272 610 1327 io,
630 1283 669 1319 aut
693 1287 722 1320 o·

67 1334 154 1385 mnino
167 1352 216 1386 non
228 1338 335 1401 legerunt
345 1333 527 1401 ‚autlilegerint
538 1334 608 1398 plane
615 1334 640 1381 in
648 1334 723 1383 literis

67 1401 197 1450 caecutiunt.
213 1401 275 1449 Mihi
288 1399 390 1457 credite,
401 1400 466 1449 nulla
480 1394 658 1462 compendiaria
670 1412 723 1446 ma·

66 1463 104 1529 gis
118 1466 223 1512 nominis
236 1462 332 1528 parandi
351 1464 434 1519 ratio,
457 1460 531 1527 quim
549 1457 700 1573 fet-l‘oiifim
715 1495 723 1518 ,

67 1541 141 1590 quam
156 1525 173 1575 sr
187 1529 240 1592 quis
250 1526 328 1579 videat
342 1527 405 1576 retro
418 1527 494 1577 animi
504 1539 549 1573 ocu
560 1539 576 1572 o
585 1523 656 1589 ,quid
672 1525 723 1573 cul·

66 1604 107 1654 pet
122 1626 128 1647 ,
141 1592 192 1640 imo
206 1591 264 1655 quid
280 1607 329 1639 non
344 1588 464 1655 suspiciat,
481 1591 507 1639 bt
524 1586 667 1637 admiretur?
682 1593 722 1635 ln-

85 1655 135 1702 enti
149 1653 250 1703 Colosso
261 1658 345 1721 'iliardae
357 1651 455 1702 celebris
474 1650 507 1700 est
521 1670 529 1709 3
547 1656 605 1699 caria
617 1647 722 1699 Mausoli

66 1668 205 1780 lupulchro,
222 1720 322 1777 Memphis
333 1715 500 1779 pyramidibus.
531 1712 575 1762 Sed
592 1710 666 1777 quise
681 1725 722 1761 to-

67 1795 120 1829 turn
137 1778 312 1831 lineas-devovit
326 1810 333 1833 ‚
348 1782 374 1827 δι
386 1782 482 1839 Apollini
495 1811 501 1832 ‚
515 1774 533 1823 fi
547 1790 599 1841 qun
614 1790 722 1841 unquam

68 1841 160 1906 ingenii
175 1850 332 1891 monumenta
342 1838 372 1887 ad
382 1839 543 1903 posteritatem
555 1838 698 1888 transmittat
714 1874 722 1893 ‚

67 1905 146 1954 :nitori
161 1902 369 1953 immortalitatem
387 1900 532 1959 conferunt,
553 1904 723 1968 prenriumque

65 1968 155 2019 laboris
166 1964 201 2016 sui

133 2035 390 2095 -aereperenniurt
418 2085 423 2095 .

133 2102 244 2163 regalique
252 2097 296 2156 fite
305 2096 439 2161 pyrmidm
450 2094 529 2151 altius,

132 2164 196 2223 Quod
207 2179 246 2209 non
259 2160 321 2207 imler
332 2160 398 2214 edere,
411 2174 449 2205 um
463 2158 533 2221 aquilo
544 2158 638 2219 impotens

136 2228 196 2287 Poffit
207 2226 302 2277 diruere,
316 2232 353 2271 arti
363 2220 515 2269 innumerabilis

134 2299 249 2335 Annorum
257 2288 332 2347 series,
342 2285 396 2348 sega
412 2300 436 2330 tu
446 2296 577 2344 temporum,

69 2366 182 2403 uternum
193 2351 302 2407 victuro,
316 2362 390 2413 quam
408 2348 432 2395 'u
442 2340 600 2417 nobilioribus
618 2340 658 2413 hir
667 2340 720 2389 lite·

68 2418 99 2466 ris
111 2413 234 2472 tritulus,
248 2414 328 2462 honos
339 2406 455 2469 scientie,
468 2406 581 2461 dostnnae
600 2416 723 2471 pretium,

67 2478 185 2546 sapientie
196 2478 255 2529 laus.
287 2474 352 2527 Dixi.
