1612 3008
242 129 440 180 onnrro
471 132 560 181 xxrr.
670 148 715 194 ιο,

61 227 197 281 tivinuoilli
208 227 254 279 fuit
266 235 334 281 Maro.
353 230 451 294 Imperii
469 230 493 280 su
524 227 638 282 rstitiosus
657 232 710 294 qui-

60 294 115 344 dem
126 291 277 359 defignator,
290 309 357 343 verus
367 306 479 344 tarnenar
506 311 558 359 perr.
574 295 712 344 cumenim

60 356 99 406 isse
110 354 186 407 sortes
199 359 247 418 eius
265 354 429 422 consuluisset,
442 360 551 421 parvulus
568 358 643 407 etiarn
658 369 712 406 turn

60 416 165 470 incidisse
177 421 204 468 in
219 420 283 470 hunc
292 419 432 470 versiculum
445 419 545 470 dicitur:

77 518 81 527 ·
123 487 153 532 Tr
164 499 228 532 monet
241 489 349 547 impr-rium
360 517 367 537 ,
378 488 419 532 usi
431 497 526 547 ctrraequs
537 484 645 546 marisque.

88 550 108 595 E
143 545 180 594 uio
198 546 237 594 hic
255 561 304 594 non
322 548 423 602 Sysissas,
438 561 488 594 non
509 550 643 604 Apollinem,
659 560 710 595 non

60 605 106 673 ipsa
140 613 185 656 ovis
197 611 313 665 oracula,
330 622 376 719 {rc
393 608 525 674 virgiliano
534 609 578 658 illo
596 609 711 657 vaticinio

59 669 242 734 contempserit?
257 672 321 720 Fecit
351 685 381 718 ot
397 675 493 720 (sandius
504 677 651 737 Imperator,
668 672 710 734 qui

60 749 109 785 uon
120 746 216 783 tantum
228 732 285 782 fidei
297 734 399 798 auguriis
411 730 506 789 habuit,
522 747 638 799 quantum
647 737 710 796 po'e'-

59 808 94 846 εκ.
110 800 178 846 Nam
191 811 246 846 cum
259 795 289 846 de
302 796 365 854 viti,
380 799 405 845 ἔ(
417 810 492 860 regno
505 794 637 858 suoejussci
648 797 708 846 cita-

58 872 120 909 retur
133 858 291 914 sententiam,
306 857 391 909 sortito
397 860 478 910 nasius
485 858 518 909 est
524 861 593 910 issum
600 857 675 910 exlib.
687 871 709 910 o.

60 927 167 973 ‹AEasicu
180 921 332 980 versiculum,

10 1026 12 1033 .
70 994 77 1011 ‘¹
124 991 193 1034 Tertia
204 990 253 1034 dum
266 992 440 1048 Latiaregnontem
453 988 528 1035 vaisrrit
546 986 606 1045 astat.

88 1048 162 1111 Quod
177 1048 276 1114 quidem
286 1045 340 1097 vere
352 1048 393 1114 ipsr
405 1049 520 1114 contigit:
537 1049 567 1098 ad
577 1049 708 1098 triennium

59 1113 126 1161 enim
138 1127 189 1160 non
201 1111 315 1177 regnavit.
344 1109 474 1161 Sciscitatus
485 1124 535 1160 erat
547 1111 613 1160 idem
625 1110 711 1160 defra-

58 1187 110 1232 tre,
124 1189 199 1239 quem
210 1175 304 1238 imperii
316 1169 452 1223 consortem
464 1173 550 1223 habere
556 1172 709 1223 desiderabat.

59 1237 133 1287 Sortis
145 1238 202 1288 loco
217 1238 258 1286 isle
269 1253 301 1286 ex
316 1246 329 1285 6
342 1242 448 1286 Aneidos
461 1237 564 1302 prodiit:
702 1245 706 1251 '

123 1301 233 1361 ostendunt
245 1307 305 1348 terris
319 1305 370 1348 bunc
382 1315 464 1349 rantum
471 1303 526 1361 fata.

89 1366 124 1411 Ut
134 1362 241 1419 uuum,
256 1364 289 1411 ira
300 1361 405 1423 Sosium?
421 1363 515 1412 decimo
527 1362 595 1411 enim
606 1358 709 1427 septimo

57 1425 156 1490 imperii
167 1426 220 1482 die,
236 1440 290 1475 cum
296 1423 365 1475 vixse
373 1422 508 1475 ostendisset
514 1424 706 1489 imperiombiit.

57 1491 173 1537 Sexcenta
185 1488 210 1538 id
216 1503 295 1599 1{entur
307 1489 407 1553 proferri
418 1488 522 1554 possent,
537 1502 587 1537 non
599 1503 628 1536 ex
636 1492 711 1536 sisara·

56 1567 81 1599 nr
91 1548 171 1600 solum
182 1567 215 1599 no
236 1567 278 1609 rot
296 1551 335 1602 sed
348 1552 710 1614 &exMusaer&aiiis,quorum

56 1614 165 1663 earmina
176 1625 292 1676 tanquam
304 1616 392 1664 caelitus
403 1612 499 1678 delapsa
508 1614 594 1663 ancilia
603 1615 711 1665 ‚inrem-

56 1676 105 1786 ssiis
117 1673 229 1741 religiose
241 1675 458 1736 observatamuira,
466 1681 540 1742 &pro
548 1677 655 1725 oraculis
670 1674 712 1723 ha·

74 1739 109 1787 ita
121 1736 223 1790 fuerunt.
244 1739 334 1790 sedne
352 1743 487 1790 attentione
505 1739 578 1790 vestra
596 1739 659 1788 abuti
676 1739 712 1787 vi·

57 1800 131 1858 dear,
147 1817 220 1852 unum
234 1802 280 1854 hoc
292 1800 712 1868 mecumexpendite,Auditores‚in

58 1864 126 1914 nulla
137 1867 177 1914 vix
190 1881 296 1931 unquam
306 1869 360 1915 vitae
377 1865 511 1916 discrimina
529 1866 634 1915 incidisse
653 1864 712 1929 po'e'-

58 1940 104 1985 tas,
111 1927 195 1992 quibus
202 1943 240 1979 aut
248 1930 495 1979 nonlibetatifuerunt
503 1965 510 1987 ,
518 1929 659 1979 miraculosi
670 1941 712 1989 pe·

58 2005 103 2048 ue,
119 1994 145 2041 δι
158 1992 502 2055 iniunxevirmutrindicem
509 1997 549 2040 Dei
556 2005 712 2041 manumnon

10 2052 16 2063 '
58 2050 191 2110 senserint,
212 2057 346 2120 quicunque
364 2071 407 2104 eos
418 2068 568 2121 unquamaut
579 2054 711 2108 bonis,aut

57 2117 107 2165 vita
120 2114 256 2180 spoliarunt.
274 2119 389 2183 Exempla
400 2117 483 2182 paffirn
496 2116 639 2174 obviarunt,
652 2118 712 2165 &o-

59 2178 110 2227 mni
124 2194 181 2228 arvo.
201 2185 265 2229 Inter
277 2182 323 2229 alia
335 2184 458 2236 Simonidis,
472 2182 515 2246 qui
526 2195 581 2229 cum
592 2178 654 2242 apud
668 2179 712 2225 im-

58 2240 144 2304 spitem
164 2239 266 2290 suumin
283 2245 394 2303 Tseffian'd,
409 2258 463 2292 cum
482 2244 564 2292 multis
581 2245 633 2293 aliis
651 2255 713 2288 con-

58 2306 191 2361 vivaretur,
207 2303 317 2369 finguiari
329 2306 386 2354 coeii
398 2305 481 2355 favore
489 2302 552 2354 solus
558 2303 656 2356 triclinii
665 2303 711 2351 rui-

58 2381 116 2416 nam
128 2361 220 2431 effugit.
255 2371 329 2414 ,Arion
341 2383 395 2416 curn
402 2370 458 2417 artis
465 2369 564 2432 po'e'ticae
575 2367 652 2418 studio
659 2381 712 2414 ma-

58 2443 133 2495 gnam
151 2429 254 2491 pecunia
270 2426 389 2479 summam
407 2427 578 2493 comparasset,
597 2435 713 2478 Corinthum

58 2493 175 2602 navigans
187 2488 374 2562 innaviculariis,
390 2496 432 2556 qui
450 2491 534 2556 opibus
548 2495 597 2556 ciue
616 2489 711 2542 infidias

58 2570 114 2620 para
133 2565 187 2609 ant,
202 2567 226 2601 ro
246 2567 311 2601 mare
331 2556 498 2622 praecipitatus,
514 2556 528 2605 *a
542 2561 637 2618 Delphina
653 2569 712 2617 ergo

59 2630 193 2684 exceptus,
215 2617 240 2669 δι
258 2613 406 2671 conservatus
425 2617 467 2671 est.
492 2620 570 2683 Hessrdr
587 2617 732 2727 aratro&
