1612 3008
98 135 146 180 ³04
222 118 410 184 Jncosr
443 127 629 175 crucrr

98 244 128 276 ne
141 227 236 292 longius
250 229 341 285 abeamo
348 227 513 284 domesticum,
521 226 559 276 sed
573 228 759 281 funestillimum

98 289 634 417 llllllllllllillllillllllll
639 296 757 405 llll&

187 387 194 409 2
542 389 548 410 ἲ

97 415 212 465 libertatis
226 413 336 464 assertore
347 414 518 472 strenuillimo,
531 431 603 480 quem
749 390 757 414 ²

166 478 267 538 Abstulit
280 493 332 525 atra
345 481 403 535 dies,
419 481 446 531 (θ’
453 479 534 538 funere
546 479 619 537 mersit
631 481 714 529 acerbo.

130 545 168 590 De
178 541 240 589 tanti
253 541 338 589 Herois
349 541 411 598 vita,
419 543 444 590 δι
458 539 525 589 obitu
534 554 607 604 pauca
619 540 700 590 dicere
712 542 757 591 im-

93 599 273 666 presentiarum
285 602 330 650 fert
342 604 564 667 animus,tantique
578 604 693 667 Principis
704 619 756 653 ma-

100 679 143 714 nes
178 680 211 713 uo
229 663 320 729 poffirm
339 664 432 715 honore
461 662 555 730 rosequi
568 663 611 713 stat
624 665 756 724 sententia,

100 729 138 776 cui
149 678 251 775 liberum
264 726 327 775 bunc
338 729 419 777 a'e'tem
427 762 438 785 ,
445 679 511 799 irasc
523 741 625 785 vocem,
635 728 700 777 hunc
713 727 756 793 spi·

100 791 192 845 ritum,
214 788 276 838 hunc
294 788 397 854 denique
411 787 605 843 florentissimum
616 791 699 840 l’utriae
713 806 759 841 no·

101 851 152 901 lire
163 849 251 901 datum
259 850 381 903 debemm

133 920 182 963 Vos
192 914 323 980 rogo‚Visi
335 912 623 971 ornneiffimi,Auditotes
638 913 758 967 humanis·

100 973 193 1034 {imbue
204 976 267 1026 milri
279 975 310 1025 de
321 979 383 1027 tanti
393 978 480 1027 Herois
492 974 600 1026 laudibus
611 976 759 1043 infrequen-

101 1037 190 1088 tissima
202 1039 246 1089 hac
259 1039 403 1089 Auditorum
413 1045 513 1089 Corona
525 1038 757 1103 declamantium

101 1100 230 1152 benevolas
242 1101 341 1166 prebere
351 1101 413 1152 haud
426 1102 599 1167 dedignemini.
624 1103 647 1151 si
665 1103 758 1169 generis

101 1165 151 1225 ejus
163 1161 286 1228 splendor,
303 1180 331 1213 sc
343 1164 453 1230 prosapie
465 1162 580 1214 nobilitas
590 1158 758 1229 antiquillirnis

102 1227 222 1290 utrimque
235 1226 379 1292 imaginibus
388 1226 570 1292 clara,qujdem
583 1226 683 1278 adeunti
690 1224 757 1277 Prin-

103 1289 162 1352 cipis
174 1289 411 1339 commendationem
423 1289 501 1340 facere
512 1289 619 1347 videtur,
632 1290 689 1341 ver‘e
704 1288 758 1341 sm-

104 1350 189 1415 ste'que
196 1350 244 1401 hoc
255 1351 372 1401 affirmare
384 1352 563 1417 aufim‚paoess
575 1351 682 1405 familias
693 1368 759 1421 repe·

101 1414 158 1470 riri,
171 1427 223 1478 quae
234 1411 370 1465 Naffavinn
380 1416 479 1478 inpuris
490 1412 606 1480 superent.

136 1481 200 1526 Cum
212 1478 279 1528 enim
292 1494 332 1543 per
344 1477 367 1527 se
378 1477 522 1527 nobiliss'rma
534 1476 575 1535 fit,
589 1479 709 1542 quis-eum
721 1478 759 1529 vel

104 1538 153 1591 hoc
165 1541 265 1591 nomine
277 1554 339 1591 certe
350 1540 496 1590 nobiliorem
514 1536 559 1589 else
570 1555 622 1589 non
632 1539 760 1602 judicabit,

81 1636 84 1643 .
104 1602 171 1667 quod
184 1600 288 1654 Cssares'
298 1607 379 1661 olim,
401 1607 426 1654 δι
436 1610 609 1667 imperatores,
630 1617 660 1651 ex
673 1617 702 1651 ea
713 1604 761 1653 ori·

123 1667 127 1676 '
147 1681 187 1716 em
198 1665 263 1717 suam
274 1667 383 1717 duxerint
391 1701 399 1723 ‚
408 1668 433 1715 δι
446 1665 564 1715 hodierno
576 1664 652 1713 adhuc
664 1664 705 1714 die
716 1680 761 1715 nn·

121 1728 226 1779 '‘ffimas
241 1736 339 1795 Europe
356 1729 460 1778 familias
478 1726 593 1777 affinitate
611 1726 654 1776 fibi
666 1726 758 1787 inustas

103 1789 198 1841 lubeat.
213 1791 257 1841 Sed
267 1790 319 1841 hec
331 1791 502 1841 llilioricorum
510 1789 607 1839 calamis
619 1788 761 1856 confignan·

105 1851 136 1903 ds
149 1855 266 1917 relinquo.
290 1855 389 1903 sienim
402 1855 519 1903 Oratione
530 1853 583 1901 vela
594 1852 699 1915 pandere
713 1885 721 1910 ,
735 1855 761 1903 dt

104 1914 271 2029 maperto
287 1916 393 1966 invedms
406 1918 467 1964 niati
479 1931 519 1981 per
530 1913 605 1979 stirpis
617 1916 667 1976 ejus
680 1914 762 1965 laudes

187 1992 225 2027 ere
238 1977 511 2036 instituam‚vereor,ne
523 1992 578 2027 cum
589 1976 684 2027 dicendi
697 1979 762 2042 prin·

105 2041 194 2104 cipium
215 2041 252 2089 vel
273 2040 388 2091 facillime
402 2056 510 2105 reperero
525 2074 534 2097 ‚
552 2041 647 2089 exitum
661 2041 763 2105 reperire

106 2119 156 2153 non
161 2102 255 2168 possim.
271 2103 308 2153 Ad
318 2105 449 2167 lrincipem
458 2100 535 2168 ipsum
546 2102 626 2161 venio,
634 2106 659 2153 δι
668 2103 763 2167 procla·

106 2181 132 2215 ra
144 2169 193 2229 ejus
205 2166 320 2224 facinora,
328 2169 369 2231 qui
382 2166 450 2215 omni
460 2166 559 2214 nomine
567 2168 606 2221 ‚&
617 2164 683 2214 frma
696 2164 763 2230 supe·

106 2231 156 2278 rior
185 2229 280 2279 aliunde
291 2227 447 2278 emendicnts
461 2227 594 2278 nobilitatis
605 2225 722 2293 insignia,
732 2227 763 2276 de

126 2265 193 2341 undis
210 2294 251 2341 vul
314 2291 375 2341 illud
393 2288 511 2339 nobilium
526 2302 651 2353 tantopere
665 2292 764 2357 gloriari

106 2305 241 2410 polemius,
286 2354 354 2402 flocci
366 2351 537 2409 fecit,abunde
550 2350 595 2401 suis
608 2352 676 2417 ipfius
690 2355 764 2403 virtu·

106 2428 159 2465 tum
170 2413 298 2481 infignibus
310 2415 464 2472 nobilitatus,
475 2417 557 2481 magni
569 2418 674 2479 parentis
685 2415 763 2474 filius,

107 2482 133 2529 δι
150 2476 343 2541 incomparabilis
356 2479 441 2527 Herois
457 2492 545 2544 magna
563 2481 697 2552 progenies.
718 2480 764 2529 ilic

106 2553 172 2605 patre
183 2540 304 2599 defuniim
311 2541 406 2590 decimo
418 2544 442 2590 δι
456 2542 542 2591 odavo
554 2555 628 2590 etatis
639 2556 765 2608 annogrn·

95 2602 205 2674 ,infimis
215 2602 320 2672 undique
335 2606 417 2666 cutis,
437 2604 573 2663 molestiis,
593 2605 703 2672 periculis
716 2606 764 2653 eir·

699 2682 768 2718 culli.-
