1612 3008
78 428 122 463 ns
206 411 605 474 Jrcoureuucn

72 514 166 567 Invidia
175 509 240 578 quau
251 510 487 576 laboret,nunquarn
497 522 580 559 tamen
590 523 733 575 ermrgno·

72 578 127 628 scer.
160 576 221 639 Quia
232 586 299 624 tanta
313 577 362 637 ejus
374 573 407 624 est
420 574 563 631 enormitas,
578 584 646 621 tanta
657 575 734 638 turpi·
758 620 762 627 ,

74 640 179 697 rudo,ur
190 652 244 689 eam
255 638 326 689 fateri
340 640 466 688 homiuem
478 637 552 685 etiam
564 635 672 685 maxime
683 636 732 685 im·

72 704 204 769 pudentem
217 702 388 764 oudemmiter
393 702 467 764 longe
473 714 527 749 cum
533 699 585 749 aliis
590 699 656 748 vitiis
662 712 733 747 com-

73 779 181 831 paratum
192 765 253 821 effe,
269 768 323 829 quis
334 781 385 813 non
396 762 477 817 uidet?
491 777 543 826 quor
561 761 655 810 virtutis
671 758 731 825 sape

73 844 166 879 nomen
176 830 292 885 induunt,
307 830 332 877 &
346 843 395 876 non
407 827 504 876 veniam
513 822 669 881 tantum,sed
680 825 731 873 lau·

73 892 131 940 dem
143 905 263 941 merentur
271 890 335 954 apud
341 894 445 953 multos.
462 894 519 937 Sunt
530 888 597 935 euim
615 889 658 951 qui
675 901 730 937 am-

72 951 387 1021 bitionemgeoerofiratem
400 965 501 1002 vocant:
521 950 646 1000 avaritiam
657 948 731 1014 parfi-

74 1018 197 1067 moniam:
219 1017 341 1067 audaciam
351 1016 532 1065 fortitudinem:
552 1014 684 1070 luxuriam,
702 1015 731 1065 δι

72 1077 193 1129 bonorum
204 1078 383 1145 profusionem,
397 1078 579 1128 liberalitatem:
595 1074 729 1127 diffimula-

75 1145 172 1192 tionem
179 1143 347 1211 prudentiorne
361 1140 641 1205 crapulamhiluritarem.
655 1142 731 1189 Non·

73 1201 438 1272 nullisquoqueviriisrffestos
465 1204 499 1254 ali
517 1218 549 1252 uo
571 1201 648 1251 morio
672 1200 732 1253 feri*

74 1284 141 1318 mus:
175 1266 516 1334 uibusdamignoseimusrqur
548 1264 615 1315 sdrm
627 1279 678 1314 non
691 1264 730 1313 ni·

76 1334 124 1381 mis
136 1282 295 1387 offendimur,
310 1330 447 1395 quibusdam
458 1332 485 1379 in
496 1329 541 1379 har
557 1329 610 1377 virae
630 1330 656 1378 &
673 1340 730 1400 mo-

73 1411 127 1443 rum
139 1397 232 1446 lieentia
244 1396 319 1444 etiam
330 1393 489 1443 oblectamur:
496 1391 611 1456 prodigos
622 1391 694 1441 multu
705 1404 732 1439 u-

74 1470 257 1509 mann-avaros
271 1458 391 1505 tolerant:
407 1458 498 1506 multos
516 1457 593 1505 aliena
611 1455 688 1503 intem

73 1521 151 1589 muti-r
162 1537 213 1569 non
230 1515 346 1569 offendit:
362 1520 405 1584 qui
420 1521 555 1583 voluptates
572 1518 645 1567 nimis
662 1532 688 1567 re
716 1540 729 1555 -

91 1584 236 1640 iuut,etiam
249 1580 407 1639 castimoniae,
418 1585 444 1633 &
455 1580 583 1632 severitatis
589 1579 686 1631 laudem
691 1594 730 1631 re·

73 1598 165 1695 ferunt:
183 1645 307 1695 audacium
318 1646 344 1693 in
355 1644 421 1696 bello
433 1645 553 1694 interdum
571 1645 659 1709 aliquis
676 1641 736 1695 usus·
778 1646 780 1699 Ξ

74 1707 218 1763 est‚timidis
232 1711 257 1759 &
270 1709 342 1758 nimis
355 1708 445 1774 cupidis
455 1709 508 1757 vitae
520 1704 655 1772 ignoscitur.
685 1704 732 1757 Sed

91 1771 134 1821 uid
145 1771 252 1823 invidus?
263 1774 387 1829 communi
399 1772 509 1821 omnium
518 1770 658 1819 mortalium
670 1769 744 1819 odio.

74 1786 174 1901 nigrat,
189 1834 248 1894 suis,
264 1834 362 1893 alienis,
377 1830 478 1889 civibus,
493 1832 634 1945 pereffluis,
650 1833 731 1889 notis,

76 1901 165 1965 ignotis
175 1899 241 1961 juxta
253 1897 365 1947 omuibus
377 1893 476 1952 invisus,
492 1911 539 1944 erro
549 1896 731 1951 ur,inroleran-

74 1964 118 2012 dus
129 1961 169 2012 est.
203 1962 267 2024 Quid
279 1959 367 2009 invidia
378 1961 420 2009 illa
438 1974 514 2024 aerugo
531 1960 629 2016 anime,
644 1961 670 2009 &
688 1959 729 2007 ni·

74 2040 120 2091 gru
133 2024 211 2081 succus
222 2023 420 2090 loliginisinullo
434 2024 529 2079 colore,
541 2023 611 2070 nullo
622 2021 679 2071 fuco
692 2022 731 2069 in·

73 2086 168 2137 crustari
179 2086 274 2151 potest,
289 2087 359 2135 rioilo
376 2086 509 2150 mangonio
529 2086 668 2150 interpolari
682 2120 690 2142 ,
703 2096 730 2133 ur

74 2150 91 2198 fi
104 2165 154 2198 non
163 2148 338 2220 gmra‚saltem
351 2147 434 2199 odiosa
445 2150 523 2198 minus
535 2154 730 2222 appareremus

73 2214 145 2278 igitur
156 2213 270 2277 muguine
282 2212 389 2277 viperino
404 2213 493 2261 cautius
504 2210 624 2277 fugrmnus
632 2245 639 2268 ,
647 2213 729 2261 omui-

73 2291 121 2339 que
135 2274 213 2324 studio
226 2291 253 2324 ac
269 2291 323 2324 cura
335 2278 359 2324 in
373 2275 398 2324 id
408 2273 587 2331 incumbamus,
601 2290 632 2323 ne
645 2277 683 2324 vei
696 2276 732 2324 le·

74 2340 134 2408 viter
147 2336 232 2388 saltem
243 2334 731 2403 impress'ainvidiaeinnobisvestigiuron·

73 2403 207 2465 ipiciantur.
229 2402 273 2450 Sed
284 2401 301 2451 fi
314 2400 344 2451 ab
357 2401 402 2451 hac
413 2398 496 2457 liberi,
512 2415 566 2447 cum
577 2400 681 2449 aliorum
694 2402 732 2449 iri·

75 2466 137 2513 vidia
150 2465 219 2513 nobis
232 2465 410 2515 collustandum
421 2459 467 2512 effe
485 2462 624 2519 videamus,
639 2465 731 2531 cogite·

74 2540 111 2575 rur
124 2527 202 2577 bonos
212 2526 262 2577 fere
278 2528 309 2577 ad
328 2528 465 2583 invidiam,
486 2528 512 2575 &
531 2523 732 2576 obtreeiationem

74 2605 145 2640 natos
157 2592 243 2647 videri,
259 2590 393 2655 hommque
407 2590 512 2651 optimas
525 2590 631 2638 ustiones
644 2591 693 2653 rapi
705 2592 732 2639 iu

73 2653 217 2703 deteriorem
228 2667 332 2718 purtem,
348 2652 410 2702 adeo
423 2653 494 2702 facile
507 2651 540 2701 est
557 2652 618 2715 apud
637 2667 692 2700 eam
705 2653 732 2701 iu

73 2716 174 2779 speciem
189 2719 262 2780 culpo
274 2714 393 2773 venire,fi
409 2731 460 2764 nou
472 2717 497 2764 in
510 2715 652 2778 culpami&
665 2727 734 2764 vetus

73 2782 98 2830 id
113 2780 174 2829 mihi
191 2780 279 2829 credite
290 2779 315 2827 iu
327 2784 387 2843 Rep.
400 2780 499 2830 maium.
522 2782 587 2827 Nam
601 2788 632 2845 ut·
642 2778 666 2823 in
683 2774 733 2825 sole

73 2861 125 2892 nou
138 2845 215 2892 sumus
228 2840 276 2889 fine
289 2839 426 2891 umbrarsrc
438 2843 519 2890 necin
531 2840 734 2893 famamnelivo-

63 2910 99 2956 ris
109 2908 193 2971 aliqua
205 2902 301 2955 nebula.
314 2906 398 2956 Cuivis
410 2907 438 2957 'm
449 2903 550 2972 uroeliv'r
561 2900 594 2952 est
606 2901 699 2952 ledere:
707 2908 733 2954 Ee
