1612 3008
278 146 573 202 onnrtoxn.
686 159 729 203 107

164 275 480 367 ORATIO
535 272 625 360 ΧΠ.

230 426 268 471 De
278 420 361 469 Animi
372 417 570 482 Tranquillitate,

348 527 452 589 lectitante

118 630 369 679 BRUNONE
402 592 680 677 RUYVENIO.x

116 744 312 797 Uemadmodutn
324 746 415 795 tedium
434 760 509 793 unum
520 743 565 799 cst,
580 745 605 792 ἃ
620 744 726 809 simplex:

115 806 168 856 obli
187 824 242 859 uum
254 806 313 858 verb
326 809 432 865 vanum,
447 820 518 873 atque
532 809 656 868 multiplex
670 828 677 864 3
700 814 727 859 de

68 871 183 929 jaculanti
237 871 321 937 scopus
331 870 430 935 quidem
440 886 500 921 unus
515 906 523 928 ‚
538 872 635 919 recetl'us
646 885 727 921 :retem

69 932 84 982 d
96 932 172 997 scopo
182 936 265 985 multi:
280 942 316 984 lta
327 937 354 985 &
366 931 396 982 ab
407 936 478 982 unito
491 948 549 981 uere
569 936 727 997 tranquillita-

68 998 117 1053 tis,
133 1000 158 1045 dt
170 996 321 1047 beatitudinis
331 996 405 1061 scopo
416 996 474 1044 dum
487 994 594 1044 aberrant
607 996 727 1051 homines,

71 1074 124 1106 non
136 1074 187 1108 uno
202 1058 324 1111 idsaciunt
337 1058 435 1115 modo,
450 1059 490 1107 scd
503 1072 617 1122 perquam
635 1063 705 1107 vanis
719 1094 727 1116 ,

72 1134 101 1168 ac
123 1136 183 1185 pene
201 1122 304 1175 infinitis.
337 1130 367 1173 Et
384 1122 483 1187 quidem
500 1135 603 1169 errorem
621 1122 727 1172 maxime

71 1187 210 1250 vulgarem,
223 1202 251 1235 ae
262 1200 445 1236 commmunem
457 1182 626 1245 demonstravit
644 1184 726 1235 hatic-

68 1262 130 1305 nus‚
144 1248 185 1361 {ul
197 1264 238 1299 me
252 1249 355 1299 dicendo
367 1246 495 1297 antecellit.
530 1254 583 1313 Ego
594 1263 650 1295 vero
664 1244 727 1298 n'unc

68 1310 148 1361 sacca
176 1326 208 1361 no
220 1327 314 1377 accepta
333 1313 444 1376 deinceps
463 1312 564 1361 alterum
582 1310 726 1369 illustrabo,

66 1374 106 1424 illi
119 1372 216 1425 affinem
232 1379 325 1441 potius,
340 1390 413 1440 quam
435 1387 570 1437 cognatum.
603 1373 642 1422 Est
659 1377 725 1423 cuim

66 1436 132 1487 haud
144 1440 215 1503 paulo
227 1436 425 1503 generoliot‚sed
438 1439 523 1503 pariter
537 1451 618 1485 tamen
631 1436 725 1493 inseiis,

66 1514 140 1566 atque
152 1516 251 1565 operam
264 1502 364 1551 ludent:
386 1503 437 1550 imo
450 1500 569 1549 infelicior
581 1502 636 1565 quin
649 1504 727 1564 inipe-

66 1576 94 1611 tu
108 1563 133 1613 id
151 1564 224 1619 facit,
240 1567 265 1613 δι
283 1577 389 1623 conatu,
407 1563 469 1613 addo
485 1567 511 1613 de
528 1564 631 1627 periculo
651 1562 724 1627 longe

67 1627 164 1687 maiori.
197 1625 299 1691 Quando
312 1628 382 1691 igitur
395 1628 527 1693 pecuniaria
541 1628 577 1673 via
596 1640 678 1687 purum
695 1642 725 1673 ex

66 1702 142 1746 voto,
157 1704 207 1739 rem
219 1691 283 1738 ultro
296 1688 420 1754 procedere
431 1690 502 1739 multi
520 1688 724 1745 animadvertunt,

65 1755 140 1802 aliam
153 1750 194 1801 fibi
206 1751 335 1803 ineundam
347 1750 392 1802 esse
406 1752 566 1807 arbitrantur,
581 1752 725 1814 ductumque

65 1829 154 1865 nature
166 1813 305 1881 sequentes,
317 1832 371 1865 cum
382 1816 488 1865 stimulos
500 1812 579 1863 nescio
591 1830 652 1879 quos
673 1830 726 1862 nin-

65 1878 165 1927 bitiouis
176 1882 201 1929 in
214 1879 236 1929 se
249 1876 367 1936 sontiunt,
380 1882 404 1929 dt
417 1881 442 1927 in
454 1881 514 1929 alios
527 1876 668 1927 dominandi
682 1892 722 1923 eu·

65 1942 186 2005 pidinem,
202 1955 255 1991 tum
267 1942 366 1991 demum
379 1942 461 1991 beatos
475 1940 497 1989 se
508 1941 560 1989 fore
573 1940 670 1990 credunt
683 1974 689 1995 ‚
705 1938 722 1987 li

66 2007 186 2069 imperiis,
203 2020 273 2070 atque
285 2004 416 2054 honoribus
446 2008 555 2052 oriantur.
587 2008 651 2069 Ergo
672 2003 723 2051 dies

64 2066 195 2133 notlcsque
208 2068 262 2117 huic
276 2084 334 2117 cure
347 2020 552 2125 incumbunt‚hoc
563 2082 637 2114 unum
650 2080 722 2130 agunt

65 2134 91 2181 dt
106 2131 199 2182 nullum
210 2148 261 2180 non
273 2144 373 2180 movent
384 2130 490 2194 lapidem
504 2165 511 2185 ,
526 2143 550 2178 ut
562 2144 664 2193 magnos
683 2145 724 2191 pc·

64 2197 186 2244 cuniamm
203 2192 347 2251 thesauros,
365 2192 509 2242 redimendis
531 2192 722 2254 corrumpendis-

65 2272 112 2323 que
125 2254 239 2322 suffragiis
252 2258 315 2306 ultro
329 2254 487 2321 profundant:
502 2257 552 2305 vim
566 2256 639 2303 eriam
657 2253 673 2303 li
693 2271 720 2303 o·

64 2334 108 2383 pus
120 2320 153 2369 eli
166 2323 298 2376 intentent,
312 2320 391 2370 leonis
410 2318 499 2375 'nstar,
514 2331 553 2366 aut
571 2315 671 2366 efferata
690 2322 722 2365 ti·

65 2384 153 2493 iridi*
167 2383 293 2447 sanguine,
309 2398 336 2431 ac
348 2336 448 2431 cedibus
468 2381 592 2448 gradiendo
605 2416 612 2437 ‚
626 2394 664 2429 aut
680 2380 721 2428 nbi

75 2448 162 2496 eouina
175 2462 225 2496 non
238 2445 330 2509 prodest
343 2446 464 2508 vulpinam
482 2442 593 2493 assuendo
607 2478 614 2499 ,
628 2446 674 2492 hoc
687 2442 720 2491 cst

63 2509 203 2565 fraudibus,
224 2512 250 2559 δι
264 2509 368 2572 perjuriis
385 2514 410 2559 in
435 2508 560 2557 confilium
581 2506 692 2555 adhibitis
712 2542 720 2562 ,

64 2572 125 2621 adeo
155 2586 181 2620 ut
212 2571 272 2623 uihil
303 2586 354 2621 tam
386 2568 475 2620 sacmm
507 2569 555 2627 srt,
589 2570 647 2619 nihil
668 2583 720 2617 taut

64 2633 172 2687 seruiium
197 2667 206 2693 ,
245 2647 285 2687 aut
314 2634 454 2703 religiosum
482 2671 490 2698 ,
534 2634 606 2703 optod
631 2633 734 2683 u'iolrte.

376 2706 428 2755 En
688 2708 753 2743 uos
