1612 3008
231 161 328 208 ΟΜ
344 155 390 209 ΤΙ
406 161 429 205 0
459 163 563 211 LXVllI.
668 171 713 220 567

56 274 110 310 rum
125 271 170 320 ope
178 256 291 306 homines
302 271 352 304 non
364 269 458 305 tantum
469 255 543 305 brutis
552 255 668 321 prestant,
676 255 717 306 sed

10 318 14 347 ²
56 322 71 372 Ξι
85 322 137 371 rudi
150 323 223 371 etiam
236 321 262 369 δι
275 317 379 383 ignobili
390 322 463 384 vulgo
471 321 503 368 ita
509 319 668 369 discernuntur
677 332 717 377 ,ut

10 383 16 413 '¹
58 399 175 449 tanquam
188 384 230 434 Dii
243 382 348 430 interris
362 397 406 445 pm
418 384 471 430 aliis
484 383 558 446 longe
572 381 718 432 eminerevl·

10 444 14 479 ²
59 447 167 498 deantur.
201 450 261 496 Non
276 458 349 493 omne
371 445 497 493 metallum
518 458 640 510 magnes,
667 459 719 492 nort

60 526 136 561 omne
151 507 237 559 itidem
249 508 372 571 ingenium
391 509 473 571 genius
489 504 612 556 Musarum
629 506 718 555 trahit:

10 572 12 603 ²
61 576 156 624 luctum
169 573 231 622 alios
243 572 269 620 δι
281 567 361 634 sagina
379 570 470 618 inutilis
486 567 627 618 insatiabilis
645 570 721 617 avari·

10 636 14 665 ²
61 631 197 693 tiae‚fastus
208 628 721 697 alios&ambitio,aliosvotaprosnnavul·

10 697 12 723 ⁵
83 693 246 749 itransversos
258 695 365 760 rapiunt:
380 699 412 742 At
426 696 468 759 qui
480 692 603 744 Musarum
617 694 721 743 cultores

62 715 119 815 fimt
128 775 212 818 ,vanas
224 757 278 808 istas
293 761 317 807 &
331 755 442 821 insipidas
452 769 546 806 mentes
558 771 648 823 magno
662 755 723 816 judi·

62 827 120 881 cio,
125 825 175 889 pari
188 823 271 872 animo
283 818 500 884 fastidiunthnm
514 821 580 869 euim
593 819 722 869 inlubrico

62 901 145 940 totum
161 887 208 935 hoc
220 882 365 934 blandientis
380 880 482 932 sortunae
501 897 575 948 opus,
589 897 664 947 quam
677 882 728 931 fal·

64 952 123 1007 lux,
138 952 164 1000 δι
176 946 262 1012 anceps
274 948 326 996 alea
335 943 480 1010 splendentis
490 946 549 996 luri!
563 952 593 995 Et
606 945 724 1009 quidhoc

65 1013 152 1062 omnia
163 1027 215 1078 quae
224 1007 486 1068 admiranturstulti,&
500 1005 624 1073 suspiciunt
637 1009 662 1057 in
677 1021 726 1056 tur-

67 1074 128 1125 bido
139 1075 187 1124 hoc
199 1088 276 1122 rerum
284 1072 446 1121 ‘humanarum
458 1073 545 1135 pelago
557 1075 564 1120 ἰ
580 1070 640 1120 stant
652 1105 659 1128 ,
683 1085 725 1119 crt-

69 1138 146 1194 dunt,
160 1137 257 1186 veniunt
264 1170 271 1193 ,
279 1133 365 1184 abeunt
374 1168 381 1192 ,
389 1135 415 1183 δι
427 1149 481 1183 cum
495 1130 607 1184 affluxisse
620 1133 666 1183 tibi
676 1149 727 1183 cre·

65 1200 106 1249 dis
119 1212 230 1248 eternum
242 1195 445 1261 mansura,quim
459 1198 580 1262 repentina
592 1194 651 1260 saepe
664 1199 727 1246 cala-

69 1263 144 1315 mitas
158 1264 184 1313 δι
196 1259 329 1311 miseranda
342 1261 495 1325 inopinanter
507 1257 727 1311 vicillitudosubse·

69 1325 158 1392 quitur.
191 1330 256 1391 Opes
270 1325 343 1374 etiam
358 1320 425 1388 supra
439 1324 549 1373 omnium
570 1325 683 1384 Crassorum
699 1326 725 1375 ὃ(

71 1393 222 1446 Lucullorum,
236 1386 281 1438 nifi
292 1388 379 1438 virtute
393 1400 463 1453 parte
477 1389 503 1437 de
515 1385 628 1453 supientia
645 1385 727 1445 nixae',

71 1450 147 1516 quim
160 1452 207 1500 levi
218 1464 347 1500 momento
363 1451 399 1514 (ut
413 1465 450 1499 res
463 1447 514 1500 sunt
526 1446 645 1515 humauae)
661 1448 728 1500 dissi·

72 1526 158 1579 pantur
170 1527 197 1561 nc
210 1512 407 1576 pereuntlfulciri
418 1511 552 1563 debentr&
564 1527 614 1586 quo
628 1513 731 1562 aliosul·

73 1589 117 1624 cro
129 1588 202 1639 quam
215 1578 336 1622 &aditione
355 1588 383 1623 ac
400 1573 523 1623 literatura
543 1589 612 1625 unica
630 1575 732 1639 pruden-

73 1639 113 1687 tiae
125 1635 252 1702 magistra?
268 1635 382 1686 Annibali
393 1650 484 1702 magno
495 1638 533 1686 illi
547 1635 605 1688 belli
616 1638 670 1687 duci
688 1637 731 1686 de·

74 1698 201 1750 ridendum
217 1695 240 1747 se
254 1696 350 1763 praebuit
366 1702 480 1756 Phormio,
512 1699 579 1772 quod
599 1716 654 1749 cum
670 1716 733 1749 nun·

76 1777 150 1827 quam
161 1759 269 1818 hostem,
285 1775 409 1826 nunquam
421 1759 494 1810 castra
504 1758 611 1820 vrdilset,
626 1763 655 1812 de
669 1763 734 1812 mili-

10 1832 14 1865 '·
74 1826 122 1875 tari
134 1837 216 1873 tamen
228 1820 352 1888 disciplina
364 1825 391 1873 δι
402 1822 553 1876 bellimuniis
561 1837 643 1883 ,tanto
651 1840 734 1876 coram

10 1894 15 1929 t
76 1895 224 1954 Imperatore
236 1884 343 1936 disserere
357 1901 407 1935 non
413 1886 544 1937 dubitaret:
555 1895 588 1938 At
594 1904 651 1938 vero
660 1903 737 1953 quan-

77 1963 106 2000 to
119 1950 207 2010 majori
218 1948 277 2006 risu,
291 1951 343 1998 imo
355 1948 536 2015 reprehensione
548 1952 616 2018 digni
627 1951 679 2001 sunt
692 1952 738 2008 illi,

23 2058 28 2063 .
79 2015 121 2078 qui
134 2029 189 2062 cum
200 2011 230 2061 ad
245 2009 376 2076 reipublice
391 2011 625 2064 administrationem
645 2016 671 2064 δι
690 2016 737 2062 im·

10 2082 23 2119 .·
79 2075 209 2141 perium'in
225 2075 300 2133 alios,
315 2075 365 2123 nati
377 2072 444 2132 sunt,
459 2088 541 2127 tamen
561 2076 738 2144 propemodum

11 2192 23 2205 ,
79 2139 141 2193 nihil
153 2138 281 2188 retinentes
297 2151 379 2202 praeter
395 2136 506 2189 umbram
520 2144 564 2191 Μιι
599 2140 738 2189 'Nominis

81 2204 108 2251 δι
121 2201 201 2250 inania
212 2200 350 2267 dignitatis,
367 2201 425 2264 quid
438 2201 553 2267 imperare
573 2215 607 2260 rt,
622 2202 736 2252 nescirmt.

10 2274 18 2285 ·
82 2269 135 2325 Qut
148 2265 212 2312 euim
225 2265 318 2314 ratione
334 2265 360 2313 in
376 2263 481 2314 serendis
497 2263 619 2316 sententiis
633 2265 691 2330 quid
708 2280 740 2313 ae-

10 2324 14 2333 '
82 2325 739 2392 quum,quidiniquum‚quidlegibusconsentaneum‚

83 2388 142 2453 quid
155 2386 184 2437 ab
196 2389 224 2437 iis
236 2388 341 2439 alienum
355 2389 384 2439 srt
395 2388 475 2440 videte
486 2388 661 2456 potemnt,nisr
672 2391 740 2440 litte·

84 2454 116 2500 tis
129 2450 170 2515 ipfi
183 2451 252 2501 tinsti
263 2450 397 2518 imbutique
407 2452 511 2502 fuerint!
528 2453 557 2503 ud
570 2467 629 2519 quas
640 2453 667 2502 hi
679 2456 741 2503 tales

83 2514 206 2564 recutiunt
219 2526 335 2579 tanquam
348 2517 454 2575 uoiluae,
471 2520 497 2568 &
508 2517 576 2583 talptr
588 2515 618 2567 ad
631 2517 691 2566 Solis
702 2515 741 2565 fa·

84 2592 146 2628 cem.
165 2582 272 2635 Contra,
286 2577 395 2629 dosttina
406 2582 432 2630 δι
444 2580 530 2637 virtus,
540 2578 668 2630 utilissimo
680 2580 743 2628 inter
760 2618 765 2627 .

84 2638 107 2693 se
120 2642 218 2693 vinculo
229 2641 328 2705 lunda,
340 2641 467 2758 bomgnem
479 2658 530 2697 non
542 2642 676 2704 dosliorem
688 2656 749 2743 'mg

371 2710 389 2759 B
426 2722 443 2757 ι.
743 2710 765 2740 ³³
