1612 3008
191 149 390 196 ORATIO
427 151 525 198 XXIV.
661 165 704 207 237

51 250 151 301 latratus
163 250 257 301 fortiter
274 266 450 309 contemnere,
474 256 499 302 &
517 252 628 301 homines
645 253 707 302 infra

10 306 12 321 '
53 314 92 363 irae
105 315 149 371 suae
160 315 303 380 dignitatem
314 315 449 378 pofitos,&
458 318 570 363 virtutum
576 314 704 379 fastigium.

53 381 145 426 Sonans
156 377 186 425 ab
207 379 342 438 Aristophane
353 376 446 442 publice
464 380 489 427 in
506 379 611 427 Theatro
623 375 708 425 verbo-

54 455 109 507 tum!
117 441 231 489 laceratus
240 444 410 498 contumeliis,
424 457 476 489 non
494 440 570 490 modo
584 439 643 512 agre
654 454 709 488 mo-

53 503 158 568 lesteque
170 503 216 552 hoc
226 519 277 552 non
290 504 357 560 tulit,
373 504 411 554 sed
425 507 450 554 δι
461 500 557 552 obviarn
570 500 708 551 fibtsadium

55 564 211 616 adversarium
235 565 370 615 humaniter
387 569 511 641 amiceque
541 566 709 629 compellavit,

55 643 85 678 an
97 627 121 678 se
133 626 208 678 rursus
220 644 279 694 opus
287 627 381 678 habetet
388 629 418 679 ad
431 628 533 679 fimtlem
546 630 617 677 aliam
625 640 709 677 contu-

54 693 169 751 meliam,
184 706 230 741 una
247 708 333 758 nempe
352 693 494 742 innocentiae
510 690 610 757 spongia
629 692 708 739 eluen-

54 753 124 804 dam?
141 760 184 802 Dio
197 772 240 803 erres
251 756 292 804 ille
305 757 409 819 cynicus
422 757 458 805 vir
471 758 523 805 altar
534 754 637 811 mentis,
652 769 711 802 con-

55 830 92 867 tta
104 832 181 867 concu
199 833 282 867 ionem
295 834 393 867 omnem
408 818 540 875 stabilis,&
551 831 606 866 vera
618 818 710 880 patien-

54 882 92 928 tia
99 882 196 946 imago,
211 896 265 929 cum
278 881 349 930 turba
360 896 415 930 eum
433 879 618 935 subsannarent,
632 878 709 929 dicere

55 941 152 992 solitus:
182 947 218 991 lili
227 960 258 990 me
277 949 359 999 rident,
380 950 424 1004 Ego
441 964 478 993 nm
494 948 567 1004 ridear.
585 947 607 991 O
619 941 710 991 diuum

57 1011 129 1055 Poura
141 1004 240 1069 dignum
248 1009 364 1064 ,Apollinei
379 1011 401 1055 O
410 1005 549 1072 ingentem!
566 1003 670 1054 &verum
677 1003 711 1052 sui

58 1066 226 1114 estimatorem
239 1067 347 1116 animum
360 1067 366 1117 !
382 1073 520 1117 Merentem
532 1074 657 1118 Romanus
669 1067 711 1115 ille
783 1097 787 1104 =

59 1129 187 1201 Sapiensin
200 1127 288 1178 balneo
296 1128 410 1193 percussus
421 1129 566 1197 aquodam,
582 1129 709 1181 cumidem

55 1190 217 1247 satisfaceret,
233 1195 259 1242 δι
271 1191 447 1257 deprecaretur,
460 1191 551 1245 detersa
558 1195 646 1257 iniuria
658 1208 712 1243 me-

57 1256 150 1312 moria,
166 1264 210 1303 Nan
220 1260 330 1313 Hercules,
343 1257 437 1322 inquit,
454 1263 655 1314 animadverterem,
668 1272 711 1322 ge·

58 1317 164 1368 netosrus
175 1318 248 1383 longe
262 1317 367 1381 judicans
381 1335 432 1370 non
450 1317 570 1387 agnovisse
586 1321 710 1381 injuriam,

56 1396 130 1446 quum
141 1379 256 1447 ignovisse
269 1400 275 1430 :
292 1385 348 1447 quia
361 1385 385 1432 in
391 1380 478 1433 talibus
490 1382 628 1434 vidioriaest
637 1398 711 1448 penes

57 1459 113 1493 eum
127 1446 167 1508 qui
181 1443 264 1508 sponte
276 1446 352 1503 cedit,
368 1450 394 1497 ic
406 1450 470 1497 vinci
482 1444 505 1496 se
518 1447 646 1512 gloriatur,
659 1447 711 1509 pul-

57 1507 187 1619 chrumssue
193 1507 272 1565 ducit,
287 1508 342 1558 &sc
349 1509 448 1574 dignum
458 1510 555 1574 impune
561 1507 628 1565 laedi,
642 1523 710 1556 nem-

57 1584 86 1634 pe
112 1585 144 1618 uo
166 1567 189 1617 se
201 1572 268 1618 nixus
281 1586 308 1619 ac
315 1577 367 1620 Deo
376 1569 475 1639 ,spernit
487 1568 601 1636 quicquid
611 1567 712 1628 assultat,

57 1645 82 1681 ut
94 1585 182 1682 Ἅυὲὶυε
200 1632 316 1696 quosdam
332 1648 398 1698 aquae
416 1633 544 1689 abeuntia,
571 1632 712 1690 alludentia,

56 1694 222 1745 nonlaedentis
231 1729 238 1752 ,
246 1693 285 1744 ubi
295 1694 516 1747 robustiormateria
528 1696 636 1745 occurrit.
651 1696 709 1743 Virr-

57 1771 168 1808 caturaut
176 1759 255 1807 vincat
262 1793 269 1816 ,
277 1773 359 1823 parum
370 1758 419 1809 est:
434 1766 499 1810 cum
510 1760 634 1824 Aristippo:
644 1761 712 1807 titan

57 1825 119 1870 abdit
132 1826 263 1885 jucundius,
284 1840 347 1886 quem
363 1828 398 1871 itit
414 1827 481 1872 vidire
499 1824 632 1872 damarum.
665 1821 712 1870 Ni·

58 1885 147 1935 mirum
158 1896 185 1935 ut
200 1899 337 1934 aranearum
349 1882 418 1935 casses
429 1884 541 1935 animalia
553 1884 653 1934 fortiora
658 1899 711 1948 per·

56 1960 184 2013 rumpunt,
200 1945 231 1997 fic
241 1947 298 1998 istos
311 1947 325 1997 *a
343 1949 461 1998 calumnia
472 1948 573 2012 laqueos
590 1963 657 1996 mens
672 1963 712 1996 ro·

58 2008 138 2067 busta,
152 2023 243 2060 armata
260 2012 360 2075 puritate
378 2008 526 2065 conscientia
544 2008 651 2059 adversus
671 2025 711 2059 ca·

57 2073 160 2123 lumnias
174 2074 358 2125 malevolorum,
370 2075 448 2138 Qtidd
460 2070 663 2123 stnebulomeres
674 2088 710 2122 er-

57 2133 85 2184 fit
97 2138 165 2192 luto,
178 2152 209 2185 an
222 2136 254 2185 ob
267 2137 291 2186 id
303 2140 418 2188 lutum-in
429 2128 608 2202 eumregeram?
618 2087 673 2184 &ss
680 2133 709 2185 ab

58 2211 88 2247 eo
101 2201 179 2262 patior
191 2198 305 2265 indigna,
318 2216 348 2250 an
360 2200 392 2251 ob
404 2199 429 2251 id
442 2200 529 2250 faciam
542 2215 581 2248 me
594 2198 709 2264 indigna?

59 2264 151 2310 Contra
163 2258 239 2324 passus
249 2263 401 2321 injuriam,s1
415 2280 465 2313 non
478 2264 575 2312 invenio
586 2262 611 2309 in
624 2277 654 2310 eo
667 2262 709 2327 qui

58 2338 112 2372 eam
125 2324 206 2372 intulit
218 2322 295 2375 causas
307 2324 458 2392 ignoscendi,
472 2328 497 2375 in
503 2341 543 2374 me
553 2325 673 2374 inveniam
682 2329 708 2376 &

58 2383 277 2437 malaverbabonis
287 2388 419 2439 afflonshus
431 2387 533 2439 ulciscar.
550 2394 579 2437 Et
586 2402 641 2439 veto
649 2387 665 2436 fi
674 2393 708 2452 ju·

58 2449 122 2498 dicio
134 2450 299 2499 examinamus
309 2450 527 2516 quantulaisiasunt
540 2466 590 2516 quat
602 2467 647 2500 nos
659 2465 708 2500 tur·

57 2509 127 2571 bant,
143 2527 223 2562 rerum
236 2514 325 2577 pienum
387 2515 465 2572 nihil,
476 2514 516 2565 sed
529 2514 653 2564 verborum
666 2516 710 2563 ali-

57 2590 117 2640 quot
129 2576 226 2632 inania,
240 2574 331 2641 quisqui
344 2581 384 2635 ite,
398 2593 464 2643 nuga
477 2613 484 2635 ,
499 2577 608 2644 grandini
620 2576 709 2626 similes

56 2653 107 2704 qua
118 2639 181 2692 illisa
192 2639 276 2698 tedia,
290 2654 380 2708 magno
397 2641 498 2711 qudem
507 2641 608 2710 sragote
615 2642 743 2743 gamm&

665 2715 704 2747 nu
