1612 3008
132 79 175 122 192
254 59 653 125 Jaeon1cltu011

130 164 180 211 lum
194 163 219 209 in
230 160 301 224 Epist.
331 160 361 210 ad
377 160 487 221 alapenses
500 159 623 223 exequitur
638 159 786 212 Paaltamon

131 222 177 272 ell'e
187 225 218 273 de
231 240 287 271 vero
303 230 343 270 Dei
356 225 439 278 cultu,
456 222 583 285 petendam
601 220 629 269 ab
647 218 787 268 hominibus

130 288 278 344 doctrinam,
288 287 344 350 quia
356 294 412 334 Deus
425 286 526 333 fideliter
538 300 582 332 nos
591 319 597 339 ,
606 288 630 333 ἃ
643 283 672 331 ad
688 284 787 344 plenum

131 350 244 405 instituit,
259 351 359 413 qualiter
371 348 398 397 lit
410 349 531 396 colendus.
547 353 601 410 Qto
620 347 667 394 hoc
685 346 787 394 demon·

133 413 202 469 stret,
219 414 297 476 primo
310 413 386 485 capite
398 411 455 460 dicit
474 411 499 459 in
518 411 650 474 Euangelio
669 405 789 456 contineri

132 491 234 525 omnem
248 474 401 538 sapienttam,
415 487 462 545 qua
480 472 596 537 perfellus
615 471 725 519 reddatur
744 470 789 517 ho·

134 555 178 588 mo
189 541 233 585 Dei
244 538 270 586 in
283 538 361 587 Christo.
374 537 448 585 lnitro
460 533 569 592 secundi,
585 534 642 583 dicit
654 548 741 582 omnes
753 530 789 580 sa·

132 600 226 666 pientia
237 597 358 647 thesauros
371 600 396 647 in
417 599 491 659 chillo
504 594 549 647 effe
562 597 715 646 reconditos:
731 593 787 643 inde

133 661 216 728 postea
227 660 362 717 concludit,
377 672 475 711 caveant
485 660 567 710 fideles
579 675 609 708 ne
629 674 670 723 per
689 660 787 707 inanem

132 724 313 788 Philosophiam
328 721 472 781 abducantur
484 721 498 772 a
508 736 580 789 grege
599 723 672 780 Christi
685 756 693 777 ,
707 721 787 770 secuu-

133 788 192 837 dum
203 785 383 844 constitutiones
393 788 526 836 hominum.
557 792 586 835 ln
598 784 647 833 fane
657 797 738 833 autem
750 797 788 832 ca·

149 851 188 901 itis
199 851 292 911 maiore
305 849 381 898 adhuc
391 848 477 899 fidncia
488 848 586 898 damnat
604 861 690 897 omnes
710 847 787 895 ittar-

131 866 271 974 hannalae,
285 911 332 961 hoc
340 911 373 961 est
386 946 394 969 ,
407 912 505 962 fictitios
522 912 598 961 cultus
609 946 618 968 ‚
631 924 693 975 quot
708 909 788 975 homi·

134 991 177 1026 nes
189 974 232 1025 fibi
244 972 470 1033 comminiscuntur,
485 974 523 1024 vel
538 972 567 1023 ab
579 974 632 1023 aliia
651 972 787 1037 accipiunt,

137 1042 165 1089 dt
177 1052 320 1103 quaeeunque
331 1036 361 1086 de
375 1039 439 1087 cultu
452 1043 494 1084 Dei
506 1036 597 1086 tradere
610 1032 787 1100 praeceptaexse

45 1150 48 1155 .
135 1100 278 1150 audeonsed
288 1098 347 1164 quid
360 1099 410 1148 haec
424 1099 453 1149 ad
465 1101 610 1148 literaturam
618 1102 625 1147 l
634 1097 788 1164 quidadlhi·

135 1162 189 1213 loso
206 1162 289 1211 hiam?
302 1163 365 1271 cup'us
379 1161 506 1225 Apostolus
518 1159 566 1226 ipse
578 1160 619 1211 sub
632 1166 744 1211 Gamnliele
761 1177 788 1210 o·

135 1226 181 1275 lim
219 1226 224 1235 ‘
246 1224 322 1273 lludio
332 1222 466 1279 tffimus‚ut
477 1223 570 1273 abunde
583 1224 607 1273 id
621 1225 727 1274 indicant
740 1226 788 1286 ejus

135 1285 272 1400 {molum
283 1284 445 1350 scripta,hinc
458 1287 514 1337 inde
524 1285 787 1353 aspersafloscnlispoli·

242 1353 367 1405 Menandri,
384 1355 455 1398 „Arari
461 1350 659 1415 ‚Epimenidinsed
670 1351 789 1401 admitan-

133 1412 166 1461 da
176 1413 226 1471 eiua
237 1426 285 1477 qua
296 1412 382 1476 polluit
391 1413 537 1478 eloquentia.
557 1420 614 1475 Qtae
626 1415 693 1462 enim
705 1414 789 1463 Oratio

135 1474 285 1525 conferenda
296 1474 329 1523 ell
341 1490 395 1525 cum
406 1476 450 1525 illa
465 1493 539 1543 quam
556 1476 638 1525 habuit
658 1475 688 1523 ad
707 1492 788 1541 regem

140 1541 275 1601 Agrippan?
289 1552 340 1602 qua
353 1554 407 1589 cum
418 1539 473 1599 illa,
481 1555 555 1606 quam
566 1537 647 1587 habuit
655 1536 686 1585 ad
698 1541 789 1598 festum?

138 1613 165 1649 ut
176 1601 326 1651 mirumuon
338 1599 366 1650 fit
383 1616 499 1668 magnum
515 1604 584 1652 illum
603 1601 663 1649 olim
681 1602 788 1651 Ecclelic

137 1663 297 1729 Hipponensis
305 1663 516 1723 antistitem,inter
526 1664 573 1714 alia
584 1660 673 1729 optall'e
681 1680 746 1722 ‚non
753 1662 789 1715 so·

137 1727 190 1775 lum
202 1727 280 1776 videre
290 1734 377 1787 ‘limam
388 1728 415 1775 in
428 1728 501 1785 flore,
516 1728 616 1788 christum
627 1729 652 1777 in
665 1743 743 1785 carne,
751 1726 790 1778 sed

138 1792 164 1838 δι
177 1794 266 1836 Paulum
277 1791 303 1837 in
315 1787 433 1840 cathedra.
465 1791 524 1855 Qtie
535 1791 601 1839 enim
616 1806 648 1839 eo
661 1791 687 1839 in
706 1791 787 1841 dicen-

56 1894 61 1899 .
136 1851 178 1923 dt>¹
184 1851 291 1916 gravior,
306 1852 359 1915 quis
372 1853 397 1900 in
408 1853 535 1904 movendis
552 1849 673 1903 affedibus
693 1856 789 1903 acrior?

137 1927 192 1978 quta
204 1926 396 1978 argumentorum
408 1917 531 1981 pondere,
552 1920 578 1968 δι
595 1917 718 1967 rationum
735 1932 789 1966 mo-

136 1977 224 2025 mentis
237 1975 373 2026 sublimiori

171 2038 216 2088 sed
228 2052 254 2087 ut
267 2038 340 2089 finem
353 2040 448 2091 dicendi
459 2041 545 2092 fatiam
559 2079 566 2100 ,
583 2043 639 2108 (cnr
648 2045 715 2093 enim
729 2045 789 2093 hanc

138 2104 300 2152 contentionis
324 2101 410 2153 sertam
427 2107 599 2177 reciprocamus
615 2105 742 2172 longiori)
759 2108 790 2156 ad

68 2158 76 2179 ¹
138 2181 182 2214 vos
194 2180 234 2213 me
251 2177 366 2215 converto
383 2165 483 2216 Studion
498 2201 504 2222 ‚
519 2182 643 2231 parentum
660 2169 790 2219 vestrorum

137 2224 250 2277 solatium
265 2230 290 2277 &
303 2243 383 2284 amor,
399 2230 467 2292 Reip.
483 2229 534 2294 spes
546 2264 553 2284 .
567 2231 657 2280 emdita
675 2247 792 2299 propago.

138 2289 266 2339 audivistis
279 2292 399 2338 literarum
412 2293 578 2356 antiquitatem
593 2328 600 2351 ‚
614 2293 789 2358 praestantiam,

138 2353 296 2427 dignitatem,
311 2352 385 2401 usum.
403 2352 531 2404 audivistis
545 2356 605 2405 nihil
619 2359 696 2422 magis
708 2358 791 2407 decere

139 2420 217 2464 Nobiles
229 2428 302 2477 quam
315 2427 340 2462 ut
351 2419 483 2471 Minervam,
498 2419 565 2466 illam
581 2420 702 2482 Sapientia'
714 2429 792 2477 Deam,

137 2478 200 2526 inter
211 2490 277 2523 arma
290 2489 317 2523 ac
329 2480 410 2523 Martis
420 2476 540 2543 strepitus,
556 2480 712 2531 &bellorum
726 2483 791 2532 allus

138 2535 239 2589 studiose
250 2536 346 2597 colant,
361 2541 386 2591 δι
397 2538 420 2591 sc
433 2541 458 2592 in
470 2546 499 2593 iis
512 2542 600 2594 anibus
611 2560 750 2605 exerceant,
765 2550 791 2597 dt

761 2611 791 2661 ad
