<?xml version="1.0" encoding="UTF-8"?>
<!DOCTYPE html PUBLIC "-//W3C//DTD XHTML 1.0 Transitional//EN"
    "http://www.w3.org/TR/xhtml1/DTD/xhtml1-transitional.dtd">
<html xmlns="http://www.w3.org/1999/xhtml" xml:lang="en" lang="en">
 <head>
  <title>
</title>
<meta http-equiv="Content-Type" content="text/html;charset=utf-8" />
  <meta name='ocr-system' content='tesseract 3.04.00' />
  <meta name='ocr-capabilities' content='ocr_page ocr_carea ocr_par ocr_line ocrx_word'/>
</head>
<body>
  <div class='ocr_page' id='page_1' title='image "./jacobicrucisuad00crucgoog_0267.png"; bbox 0 0 1612 3008; ppageno 0'>
   <div class='ocr_carea' id='block_1_1' title="bbox 125 136 657 201">
    <p class='ocr_par' dir='ltr' id='par_1_1' title="bbox 125 136 657 201">
     <span class='ocr_line' id='line_1_1' title="bbox 125 136 657 201; baseline -0.004 -15"><span class='ocrx_word' id='word_1_1' title='bbox 125 155 171 195; x_wconf 90' lang='lat'>270</span> <span class='ocrx_word' id='word_1_2' title='bbox 252 136 440 201; x_wconf 82' lang='lat' dir='ltr'>JACOBI</span> <span class='ocrx_word' id='word_1_3' title='bbox 471 136 657 184; x_wconf 84' lang='lat' dir='ltr'>CRUCII</span> 
     </span>
    </p>
   </div>
   <div class='ocr_carea' id='block_1_2' title="bbox 121 238 786 571">
    <p class='ocr_par' dir='ltr' id='par_1_2' title="bbox 121 238 786 571">
     <span class='ocr_line' id='line_1_2' title="bbox 122 238 784 303; baseline -0.006 -12"><span class='ocrx_word' id='word_1_4' title='bbox 122 246 205 291; x_wconf 90' lang='lat' dir='ltr'>locum</span> <span class='ocrx_word' id='word_1_5' title='bbox 216 239 248 289; x_wconf 84' lang='lat' dir='ltr'>ibi</span> <span class='ocrx_word' id='word_1_6' title='bbox 263 240 398 295; x_wconf 80' lang='lat' dir='ltr'>calumniae,</span> <span class='ocrx_word' id='word_1_7' title='bbox 407 251 478 303; x_wconf 86' lang='lat' dir='ltr'>atquc</span> <span class='ocrx_word' id='word_1_8' title='bbox 488 238 784 291; x_wconf 77' lang='lat' dir='ltr'>obnecrationeshabene:</span> 
     </span>
     <span class='ocr_line' id='line_1_3' title="bbox 122 301 784 369; baseline -0.002 -15"><span class='ocrx_word' id='word_1_9' title='bbox 122 306 193 354; x_wconf 84' lang='lat' dir='ltr'>facile</span> <span class='ocrx_word' id='word_1_10' title='bbox 200 319 226 352; x_wconf 81' lang='lat' dir='ltr'>ac</span> <span class='ocrx_word' id='word_1_11' title='bbox 232 301 309 352; x_wconf 87' lang='lat' dir='ltr'>subito</span> <span class='ocrx_word' id='word_1_12' title='bbox 316 304 376 354; x_wconf 83' lang='lat' dir='ltr'>iram</span> <span class='ocrx_word' id='word_1_13' title='bbox 384 317 481 366; x_wconf 81' lang='lat' dir='ltr'>gravem</span> <span class='ocrx_word' id='word_1_14' title='bbox 495 305 611 369; x_wconf 79' lang='lat' dir='ltr'>Principes</span> <span class='ocrx_word' id='word_1_15' title='bbox 625 306 784 366; x_wconf 82' lang='lat' dir='ltr'>concipiunt,</span> 
     </span>
     <span class='ocr_line' id='line_1_4' title="bbox 123 365 786 428; baseline 0.006 -12"><span class='ocrx_word' id='word_1_16' title='bbox 123 373 150 420; x_wconf 87' lang='lat'>&amp;</span> <span class='ocrx_word' id='word_1_17' title='bbox 168 379 309 428; x_wconf 83' lang='lat' dir='ltr'>conceptam</span> <span class='ocrx_word' id='word_1_18' title='bbox 325 366 398 415; x_wconf 87' lang='lat' dir='ltr'>semel</span> <span class='ocrx_word' id='word_1_19' title='bbox 416 366 456 413; x_wconf 89' lang='lat' dir='ltr'>diu</span> <span class='ocrx_word' id='word_1_20' title='bbox 466 365 786 422; x_wconf 85' lang='lat' dir='ltr'>retinent‚moneriseseaut</span> 
     </span>
     <span class='ocr_line' id='line_1_5' title="bbox 121 427 786 497; baseline 0.002 -16"><span class='ocrx_word' id='word_1_21' title='bbox 121 431 275 497; x_wconf 87' lang='lat' dir='ltr'>reprehendi,</span> <span class='ocrx_word' id='word_1_22' title='bbox 283 445 343 496; x_wconf 83' lang='lat' dir='ltr'>aegre</span> <span class='ocrx_word' id='word_1_23' title='bbox 356 427 489 478; x_wconf 85' lang='lat' dir='ltr'>admodum</span> <span class='ocrx_word' id='word_1_24' title='bbox 501 429 588 480; x_wconf 87' lang='lat' dir='ltr'>serunt.</span> <span class='ocrx_word' id='word_1_25' title='bbox 598 431 666 480; x_wconf 84' lang='lat' dir='ltr'><strong>Unde</strong></span> <span class='ocrx_word' id='word_1_26' title='bbox 679 432 786 490; x_wconf 69' lang='lat' dir='ltr'>felistim·</span> 
     </span>
     <span class='ocr_line' id='line_1_6' title="bbox 121 487 785 571; baseline 0 -28"><span class='ocrx_word' id='word_1_27' title='bbox 121 496 258 562; x_wconf 90' lang='lat' dir='ltr'>propinquo</span> <span class='ocrx_word' id='word_1_28' title='bbox 277 491 319 542; x_wconf 90' lang='lat' dir='ltr'>suo</span> <span class='ocrx_word' id='word_1_29' title='bbox 330 487 489 550; x_wconf 87' lang='lat' dir='ltr'>consuluisse,</span> <span class='ocrx_word' id='word_1_30' title='bbox 507 495 643 554; x_wconf 55' lang='lat' dir='ltr'>oleislotelem</span> <span class='ocrx_word' id='word_1_31' title='bbox 660 495 785 571; x_wconf 72' lang='lat' dir='ltr'>legimus,</span> 
     </span>
    </p>
   </div>
   <div class='ocr_carea' id='block_1_3' title="bbox 57 552 791 2772">
    <p class='ocr_par' dir='ltr' id='par_1_3' title="bbox 57 552 788 2077">
     <span class='ocr_line' id='line_1_7' title="bbox 121 552 785 621; baseline -0.002 -13"><span class='ocrx_word' id='word_1_32' title='bbox 121 572 147 608; x_wconf 90' lang='lat' dir='ltr'>ut</span> <span class='ocrx_word' id='word_1_33' title='bbox 160 573 216 607; x_wconf 83' lang='lat' dir='ltr'>curn</span> <span class='ocrx_word' id='word_1_34' title='bbox 228 559 355 605; x_wconf 58' lang='lat' dir='ltr'>Alexandro</span> <span class='ocrx_word' id='word_1_35' title='bbox 372 569 427 621; x_wconf 83' lang='lat' dir='ltr'>rege</span> <span class='ocrx_word' id='word_1_36' title='bbox 446 552 489 604; x_wconf 92' lang='lat' dir='ltr'>suo</span> <span class='ocrx_word' id='word_1_37' title='bbox 502 569 575 621; x_wconf 89' lang='lat' dir='ltr'>quarn</span> <span class='ocrx_word' id='word_1_38' title='bbox 588 556 722 615; x_wconf 85' lang='lat' dir='ltr'>rariffime,</span> <span class='ocrx_word' id='word_1_39' title='bbox 743 571 785 608; x_wconf 91' lang='lat' dir='ltr'>aut</span> 
     </span>
     <span class='ocr_line' id='line_1_8' title="bbox 120 614 785 686; baseline -0.002 -14"><span class='ocrx_word' id='word_1_40' title='bbox 120 614 255 672; x_wconf 73' lang='lat' dir='ltr'>suaviffime</span> <span class='ocrx_word' id='word_1_41' title='bbox 268 619 508 684; x_wconf 85' lang='lat' dir='ltr'>loqueretur‚utpote</span> <span class='ocrx_word' id='word_1_42' title='bbox 520 621 598 684; x_wconf 80' lang='lat' dir='ltr'>coqui</span> <span class='ocrx_word' id='word_1_43' title='bbox 605 621 660 670; x_wconf 82' lang='lat' dir='ltr'>vitae</span> <span class='ocrx_word' id='word_1_44' title='bbox 672 618 785 686; x_wconf 87' lang='lat' dir='ltr'>necisque</span> 
     </span>
     <span class='ocr_line' id='line_1_9' title="bbox 120 679 784 747; baseline -0.003 -12"><span class='ocrx_word' id='word_1_45' title='bbox 120 687 148 735; x_wconf 89' lang='lat' dir='ltr'>in</span> <span class='ocrx_word' id='word_1_46' title='bbox 163 698 220 733; x_wconf 90' lang='lat' dir='ltr'>cum</span> <span class='ocrx_word' id='word_1_47' title='bbox 231 679 328 732; x_wconf 81' lang='lat' dir='ltr'>haberet</span> <span class='ocrx_word' id='word_1_48' title='bbox 340 681 489 747; x_wconf 84' lang='lat' dir='ltr'>potestatem.</span> <span class='ocrx_word' id='word_1_49' title='bbox 502 681 629 741; x_wconf 49' lang='lat' dir='ltr'>,Excrescat</span> <span class='ocrx_word' id='word_1_50' title='bbox 638 686 666 733; x_wconf 88' lang='lat' dir='ltr'>in</span> <span class='ocrx_word' id='word_1_51' title='bbox 678 686 784 734; x_wconf 88' lang='lat' dir='ltr'>immen-</span> 
     </span>
     <span class='ocr_line' id='line_1_10' title="bbox 119 745 785 803; baseline 0 -4"><span class='ocrx_word' id='word_1_52' title='bbox 119 746 173 799; x_wconf 84' lang='lat' dir='ltr'>sum</span> <span class='ocrx_word' id='word_1_53' title='bbox 187 746 273 796; x_wconf 85' lang='lat' dir='ltr'>Oratio</span> <span class='ocrx_word' id='word_1_54' title='bbox 284 760 354 803; x_wconf 86' lang='lat' dir='ltr'>mea,</span> <span class='ocrx_word' id='word_1_55' title='bbox 371 745 484 795; x_wconf 85' lang='lat' dir='ltr'>fiomnia</span> <span class='ocrx_word' id='word_1_56' title='bbox 502 745 541 795; x_wconf 90' lang='lat' dir='ltr'>hic</span> <span class='ocrx_word' id='word_1_57' title='bbox 562 761 700 798; x_wconf 88' lang='lat' dir='ltr'>enumerate</span> <span class='ocrx_word' id='word_1_58' title='bbox 720 747 785 799; x_wconf 86' lang='lat' dir='ltr'>mihi</span> 
     </span>
     <span class='ocr_line' id='line_1_11' title="bbox 57 807 786 872; baseline 0.001 -11"><span class='ocrx_word' id='word_1_59' title='bbox 57 860 61 865; x_wconf 85' lang='grc'><strong>,</strong></span> <span class='ocrx_word' id='word_1_60' title='bbox 119 808 300 869; x_wconf 64' lang='lat' dir='ltr'>efl&#39;etauimiss,</span> <span class='ocrx_word' id='word_1_61' title='bbox 314 807 394 859; x_wconf 81' lang='lat' dir='ltr'>sedite</span> <span class='ocrx_word' id='word_1_62' title='bbox 412 810 455 859; x_wconf 64' lang='lat' dir='ltr'>ede</span> <span class='ocrx_word' id='word_1_63' title='bbox 475 808 559 872; x_wconf 74' lang='grc' dir='ltr'><strong><em>ὄνυχῦν</em></strong></span> <span class='ocrx_word' id='word_1_64' title='bbox 571 812 610 860; x_wconf 72' lang='lat' dir='ltr'>ele</span> <span class='ocrx_word' id='word_1_65' title='bbox 629 813 721 862; x_wconf 71' lang='lat' dir='ltr'>niente.</span> <span class='ocrx_word' id='word_1_66' title='bbox 748 813 786 861; x_wconf 76' lang='lat' dir='ltr'>&#39;A-</span> 
     </span>
     <span class='ocr_line' id='line_1_12' title="bbox 119 869 783 941; baseline 0.003 -17"><span class='ocrx_word' id='word_1_67' title='bbox 119 874 170 941; x_wconf 88' lang='lat' dir='ltr'>pud</span> <span class='ocrx_word' id='word_1_68' title='bbox 181 876 312 924; x_wconf 65' lang='lat' dir='ltr'>Hedum</span> <span class='ocrx_word' id='word_1_69' title='bbox 322 880 496 938; x_wconf 82' lang='lat' dir='ltr'>imperatorem</span> <span class='ocrx_word' id='word_1_70' title='bbox 507 869 642 923; x_wconf 68' lang='lat' dir='ltr'>tantifudre</span> <span class='ocrx_word' id='word_1_71' title='bbox 652 877 783 935; x_wconf 83' lang='lat' dir='ltr'>momenti,</span> 
     </span>
     <span class='ocr_line' id='line_1_13' title="bbox 119 936 785 1003; baseline 0 -14"><span class='ocrx_word' id='word_1_72' title='bbox 119 950 217 989; x_wconf 84' lang='lat' dir='ltr'>tantum</span> <span class='ocrx_word' id='word_1_73' title='bbox 244 950 344 1002; x_wconf 86' lang='lat' dir='ltr'>potuere</span> <span class='ocrx_word' id='word_1_74' title='bbox 379 936 514 986; x_wconf 83' lang='lat' dir='ltr'>delatorum</span> <span class='ocrx_word' id='word_1_75' title='bbox 532 951 559 985; x_wconf 91' lang='lat' dir='ltr'>ac</span> <span class='ocrx_word' id='word_1_76' title='bbox 578 937 785 1003; x_wconf 78' lang='lat' dir='ltr'>sycophantarum</span> 
     </span>
     <span class='ocr_line' id='line_1_14' title="bbox 59 998 786 1060; baseline -0.001 -6"><span class='ocrx_word' id='word_1_77' title='bbox 59 1036 62 1041; x_wconf 91' lang='lat'><em>-</em></span> <span class='ocrx_word' id='word_1_78' title='bbox 120 1018 207 1060; x_wconf 76' lang='lat' dir='ltr'>voces,</span> <span class='ocrx_word' id='word_1_79' title='bbox 222 1012 248 1049; x_wconf 88' lang='lat' dir='ltr'>ut</span> <span class='ocrx_word' id='word_1_80' title='bbox 267 1003 340 1051; x_wconf 85' lang='lat' dir='ltr'>etiam</span> <span class='ocrx_word' id='word_1_81' title='bbox 358 1001 450 1050; x_wconf 80' lang='lat' dir='ltr'>intimae</span> <span class='ocrx_word' id='word_1_82' title='bbox 470 998 618 1050; x_wconf 80' lang='lat' dir='ltr'>admiffionis</span> <span class='ocrx_word' id='word_1_83' title='bbox 638 1003 704 1052; x_wconf 80' lang='lat' dir='ltr'>viros</span> <span class='ocrx_word' id='word_1_84' title='bbox 737 1000 786 1053; x_wconf 83' lang='lat' dir='ltr'>ho-</span> 
     </span>
     <span class='ocr_line' id='line_1_15' title="bbox 120 1060 788 1130; baseline 0.001 -14"><span class='ocrx_word' id='word_1_85' title='bbox 120 1065 192 1117; x_wconf 75' lang='lat' dir='ltr'>stiurn</span> <span class='ocrx_word' id='word_1_86' title='bbox 205 1066 261 1115; x_wconf 89' lang='lat' dir='ltr'>loco</span> <span class='ocrx_word' id='word_1_87' title='bbox 274 1062 428 1130; x_wconf 78' lang='lat' dir='ltr'>postmodum</span> <span class='ocrx_word' id='word_1_88' title='bbox 442 1060 558 1119; x_wconf 80' lang='lat' dir='ltr'>habuerit.</span> <span class='ocrx_word' id='word_1_89' title='bbox 589 1070 646 1114; x_wconf 77' lang='lat' dir='ltr'>Erat</span> <span class='ocrx_word' id='word_1_90' title='bbox 657 1066 720 1116; x_wconf 90' lang='lat' dir='ltr'>olim</span> <span class='ocrx_word' id='word_1_91' title='bbox 731 1080 788 1117; x_wconf 81' lang='lat' dir='ltr'>non.</span> 
     </span>
     <span class='ocr_line' id='line_1_16' title="bbox 120 1125 785 1195; baseline 0 -15"><span class='ocrx_word' id='word_1_92' title='bbox 120 1130 152 1180; x_wconf 87' lang='lat' dir='ltr'>de</span> <span class='ocrx_word' id='word_1_93' title='bbox 163 1135 310 1195; x_wconf 86' lang='lat' dir='ltr'>Imperatore</span> <span class='ocrx_word' id='word_1_94' title='bbox 320 1126 399 1177; x_wconf 80' lang='lat' dir='ltr'>solum</span> <span class='ocrx_word' id='word_1_95' title='bbox 410 1127 538 1187; x_wconf 66' lang='lat' dir='ltr'>Jufflntene,</span> <span class='ocrx_word' id='word_1_96' title='bbox 552 1125 592 1177; x_wconf 88' lang='lat' dir='ltr'>scd</span> <span class='ocrx_word' id='word_1_97' title='bbox 607 1131 633 1179; x_wconf 90' lang='lat'>&amp;</span> <span class='ocrx_word' id='word_1_98' title='bbox 646 1127 677 1178; x_wconf 93' lang='lat' dir='ltr'>de</span> <span class='ocrx_word' id='word_1_99' title='bbox 689 1129 785 1180; x_wconf 83' lang='lat' dir='ltr'>univer·</span> 
     </span>
     <span class='ocr_line' id='line_1_17' title="bbox 119 1190 784 1257; baseline 0 -15"><span class='ocrx_word' id='word_1_100' title='bbox 119 1190 263 1257; x_wconf 86' lang='lat' dir='ltr'>solmperio</span> <span class='ocrx_word' id='word_1_101' title='bbox 275 1197 390 1240; x_wconf 77' lang='lat' dir='ltr'>Romano</span> <span class='ocrx_word' id='word_1_102' title='bbox 409 1190 517 1255; x_wconf 83' lang='lat' dir='ltr'>praeclare</span> <span class='ocrx_word' id='word_1_103' title='bbox 539 1192 638 1242; x_wconf 85' lang='lat' dir='ltr'>meritus</span> <span class='ocrx_word' id='word_1_104' title='bbox 656 1196 784 1255; x_wconf 69' lang='lat' dir='ltr'>BeleTeriee,</span> 
     </span>
     <span class='ocr_line' id='line_1_18' title="bbox 120 1254 784 1323; baseline 0.003 -18"><span class='ocrx_word' id='word_1_105' title='bbox 120 1256 161 1305; x_wconf 90' lang='lat' dir='ltr'>lric</span> <span class='ocrx_word' id='word_1_106' title='bbox 174 1269 256 1305; x_wconf 86' lang='lat' dir='ltr'>tamen</span> <span class='ocrx_word' id='word_1_107' title='bbox 270 1255 312 1319; x_wconf 86' lang='lat' dir='ltr'>qui</span> <span class='ocrx_word' id='word_1_108' title='bbox 324 1255 404 1315; x_wconf 73' lang='lat' dir='ltr'>Persii,</span> <span class='ocrx_word' id='word_1_109' title='bbox 422 1258 533 1310; x_wconf 76' lang='lat' dir='ltr'>Vandalis,</span> <span class='ocrx_word' id='word_1_110' title='bbox 546 1257 658 1319; x_wconf 70' lang='lat' dir='ltr'>Gallisque</span> <span class='ocrx_word' id='word_1_111' title='bbox 670 1254 784 1323; x_wconf 77' lang='lat' dir='ltr'>superatis</span> 
     </span>
     <span class='ocr_line' id='line_1_19' title="bbox 119 1313 784 1384; baseline 0.002 -16"><span class='ocrx_word' id='word_1_112' title='bbox 119 1318 270 1384; x_wconf 85' lang='lat' dir='ltr'>triumphans</span> <span class='ocrx_word' id='word_1_113' title='bbox 283 1316 400 1374; x_wconf 81' lang='lat' dir='ltr'>redierat,</span> <span class='ocrx_word' id='word_1_114' title='bbox 414 1313 443 1365; x_wconf 91' lang='lat' dir='ltr'>ab</span> <span class='ocrx_word' id='word_1_115' title='bbox 457 1316 594 1366; x_wconf 85' lang='lat' dir='ltr'>invidorum</span> <span class='ocrx_word' id='word_1_116' title='bbox 607 1319 734 1379; x_wconf 77' lang='lat' dir='ltr'>calumniis</span> <span class='ocrx_word' id='word_1_117' title='bbox 752 1321 784 1369; x_wconf 83' lang='lat' dir='ltr'>li-</span> 
     </span>
     <span class='ocr_line' id='line_1_20' title="bbox 119 1378 783 1447; baseline 0.002 -15"><span class='ocrx_word' id='word_1_118' title='bbox 119 1382 176 1439; x_wconf 87' lang='lat' dir='ltr'>ber,</span> <span class='ocrx_word' id='word_1_119' title='bbox 191 1394 263 1447; x_wconf 88' lang='lat' dir='ltr'>atque</span> <span class='ocrx_word' id='word_1_120' title='bbox 274 1383 389 1430; x_wconf 88' lang='lat' dir='ltr'>immunis</span> <span class='ocrx_word' id='word_1_121' title='bbox 401 1378 448 1429; x_wconf 82' lang='lat' dir='ltr'>esse</span> <span class='ocrx_word' id='word_1_122' title='bbox 460 1396 511 1429; x_wconf 91' lang='lat' dir='ltr'>non</span> <span class='ocrx_word' id='word_1_123' title='bbox 523 1379 662 1445; x_wconf 87' lang='lat' dir='ltr'>potuit‚sed</span> <span class='ocrx_word' id='word_1_124' title='bbox 673 1380 705 1431; x_wconf 89' lang='lat' dir='ltr'>de</span> <span class='ocrx_word' id='word_1_125' title='bbox 715 1380 783 1433; x_wconf 77' lang='lat' dir='ltr'>fasti·</span> 
     </span>
     <span class='ocr_line' id='line_1_21' title="bbox 119 1440 782 1512; baseline -0.002 -15"><span class='ocrx_word' id='word_1_126' title='bbox 119 1449 162 1512; x_wconf 83' lang='lat' dir='ltr'>gio</span> <span class='ocrx_word' id='word_1_127' title='bbox 175 1446 296 1496; x_wconf 89' lang='lat' dir='ltr'>honomm</span> <span class='ocrx_word' id='word_1_128' title='bbox 306 1460 333 1493; x_wconf 85' lang='lat' dir='ltr'>ac</span> <span class='ocrx_word' id='word_1_129' title='bbox 347 1444 491 1509; x_wconf 85' lang='lat' dir='ltr'>dignitatum</span> <span class='ocrx_word' id='word_1_130' title='bbox 502 1440 608 1501; x_wconf 83' lang='lat' dir='ltr'>suarum,</span> <span class='ocrx_word' id='word_1_131' title='bbox 619 1445 729 1495; x_wconf 85' lang='lat' dir='ltr'>fulminis</span> <span class='ocrx_word' id='word_1_132' title='bbox 740 1461 782 1496; x_wconf 82' lang='lat' dir='ltr'>ve·</span> 
     </span>
     <span class='ocr_line' id='line_1_22' title="bbox 118 1507 784 1572; baseline 0 -12"><span class='ocrx_word' id='word_1_133' title='bbox 118 1507 436 1572; x_wconf 65' lang='lat' dir='ltr'>luristudeietiusmrbatus</span> <span class='ocrx_word' id='word_1_134' title='bbox 449 1509 533 1564; x_wconf 85' lang='lat' dir='ltr'>oculis,</span> <span class='ocrx_word' id='word_1_135' title='bbox 542 1507 694 1559; x_wconf 76' lang='lat' dir='ltr'>facultatibus</span> <span class='ocrx_word' id='word_1_136' title='bbox 701 1512 784 1560; x_wconf 87' lang='lat' dir='ltr'>omni·</span> 
     </span>
     <span class='ocr_line' id='line_1_23' title="bbox 118 1570 784 1637; baseline -0.003 -13"><span class='ocrx_word' id='word_1_137' title='bbox 118 1575 163 1624; x_wconf 84' lang='lat' dir='ltr'>hus</span> <span class='ocrx_word' id='word_1_138' title='bbox 174 1587 272 1632; x_wconf 79' lang='lat' dir='ltr'>exutus,</span> <span class='ocrx_word' id='word_1_139' title='bbox 288 1573 354 1622; x_wconf 81' lang='lat' dir='ltr'>crisie</span> <span class='ocrx_word' id='word_1_140' title='bbox 365 1570 524 1637; x_wconf 69' lang='lat' dir='ltr'>spectaculum</span> <span class='ocrx_word' id='word_1_141' title='bbox 540 1571 649 1622; x_wconf 73' lang='lat' dir='ltr'>humanae</span> <span class='ocrx_word' id='word_1_142' title='bbox 669 1571 784 1622; x_wconf 80' lang='lat' dir='ltr'>viciffitu-</span> 
     </span>
     <span class='ocr_line' id='line_1_24' title="bbox 119 1633 780 1703; baseline -0.008 -13"><span class='ocrx_word' id='word_1_143' title='bbox 119 1639 184 1690; x_wconf 86' lang='lat' dir='ltr'>dinis</span> <span class='ocrx_word' id='word_1_144' title='bbox 197 1636 293 1703; x_wconf 74' lang='lat' dir='ltr'>praebuit</span> <span class='ocrx_word' id='word_1_145' title='bbox 302 1640 341 1695; x_wconf 75' lang='lat' dir='ltr'>,dc</span> <span class='ocrx_word' id='word_1_146' title='bbox 353 1638 378 1685; x_wconf 90' lang='lat' dir='ltr'>in</span> <span class='ocrx_word' id='word_1_147' title='bbox 392 1633 484 1685; x_wconf 85' lang='lat' dir='ltr'>summa</span> <span class='ocrx_word' id='word_1_148' title='bbox 493 1650 572 1684; x_wconf 87' lang='lat' dir='ltr'>retum</span> <span class='ocrx_word' id='word_1_149' title='bbox 584 1635 690 1702; x_wconf 86' lang='lat' dir='ltr'>angustia</span> <span class='ocrx_word' id='word_1_150' title='bbox 698 1671 704 1693; x_wconf 91' lang='lat'>,</span> <span class='ocrx_word' id='word_1_151' title='bbox 712 1651 780 1685; x_wconf 88' lang='lat' dir='ltr'>men·</span> 
     </span>
     <span class='ocr_line' id='line_1_25' title="bbox 120 1698 778 1762; baseline -0.003 -10"><span class='ocrx_word' id='word_1_152' title='bbox 120 1704 199 1752; x_wconf 82' lang='lat' dir='ltr'>dicare</span> <span class='ocrx_word' id='word_1_153' title='bbox 212 1703 321 1759; x_wconf 67' lang='lat' dir='ltr'>condius,</span> <span class='ocrx_word' id='word_1_154' title='bbox 337 1700 374 1748; x_wconf 88' lang='lat' dir='ltr'>his</span> <span class='ocrx_word' id='word_1_155' title='bbox 385 1698 462 1746; x_wconf 81' lang='lat' dir='ltr'>verbis</span> <span class='ocrx_word' id='word_1_156' title='bbox 484 1709 649 1762; x_wconf 81' lang='lat' dir='ltr'>praetereuntes</span> <span class='ocrx_word' id='word_1_157' title='bbox 669 1700 694 1749; x_wconf 87' lang='lat' dir='ltr'>in</span> <span class='ocrx_word' id='word_1_158' title='bbox 710 1698 778 1750; x_wconf 89' lang='lat' dir='ltr'>bivio</span> 
     </span>
     <span class='ocr_line' id='line_1_26' title="bbox 119 1760 783 1821; baseline -0.011 -4"><span class='ocrx_word' id='word_1_159' title='bbox 119 1769 266 1821; x_wconf 81' lang='lat' dir='ltr'>collocatus,</span> <span class='ocrx_word' id='word_1_160' title='bbox 281 1763 310 1812; x_wconf 89' lang='lat' dir='ltr'>ad</span> <span class='ocrx_word' id='word_1_161' title='bbox 322 1760 508 1812; x_wconf 82' lang='lat' dir='ltr'>misericordiam</span> <span class='ocrx_word' id='word_1_162' title='bbox 520 1765 675 1820; x_wconf 87' lang='lat' dir='ltr'>commovit,</span> <span class='ocrx_word' id='word_1_163' title='bbox 691 1769 747 1811; x_wconf 80' lang='lat' dir='ltr'>Dare</span> <span class='ocrx_word' id='word_1_164' title='bbox 760 1783 783 1810; x_wconf 86' lang='lat' dir='ltr'>o-</span> 
     </span>
     <span class='ocr_line' id='line_1_27' title="bbox 120 1826 781 1890; baseline -0.009 -12"><span class='ocrx_word' id='word_1_165' title='bbox 120 1836 190 1878; x_wconf 76' lang='lat' dir='ltr'>bulum</span> <span class='ocrx_word' id='word_1_166' title='bbox 203 1832 313 1887; x_wconf 75' lang='lat' dir='ltr'>Belifierio,</span> <span class='ocrx_word' id='word_1_167' title='bbox 329 1842 390 1890; x_wconf 76' lang='lat' dir='ltr'>quem</span> <span class='ocrx_word' id='word_1_168' title='bbox 404 1832 472 1872; x_wconf 77' lang='lat' dir='ltr'>virtue</span> <span class='ocrx_word' id='word_1_169' title='bbox 484 1829 573 1879; x_wconf 80' lang='lat' dir='ltr'>extulit,</span> <span class='ocrx_word' id='word_1_170' title='bbox 590 1830 671 1873; x_wconf 79' lang='lat' dir='ltr'>invidia</span> <span class='ocrx_word' id='word_1_171' title='bbox 683 1826 781 1889; x_wconf 79' lang='lat' dir='ltr'>depreffit.</span> 
     </span>
     <span class='ocr_line' id='line_1_28' title="bbox 119 1888 700 1954; baseline -0.01 -12"><span class='ocrx_word' id='word_1_172' title='bbox 119 1897 180 1942; x_wconf 83' lang='lat' dir='ltr'>Non</span> <span class='ocrx_word' id='word_1_173' title='bbox 192 1891 270 1939; x_wconf 91' lang='lat' dir='ltr'>minus</span> <span class='ocrx_word' id='word_1_174' title='bbox 286 1904 344 1954; x_wconf 88' lang='lat' dir='ltr'>ergo</span> <span class='ocrx_word' id='word_1_175' title='bbox 358 1888 446 1935; x_wconf 82' lang='lat' dir='ltr'>eximie</span> <span class='ocrx_word' id='word_1_176' title='bbox 460 1903 534 1952; x_wconf 86' lang='lat' dir='ltr'>quam</span> <span class='ocrx_word' id='word_1_177' title='bbox 546 1902 600 1937; x_wconf 84' lang='lat' dir='ltr'>vere</span> <span class='ocrx_word' id='word_1_178' title='bbox 612 1891 700 1954; x_wconf 70' lang='lat' dir='ltr'>poeta:</span> 
     </span>
     <span class='ocr_line' id='line_1_29' title="bbox 185 1954 630 2013; baseline -0.002 -12"><span class='ocrx_word' id='word_1_179' title='bbox 185 1960 259 2001; x_wconf 78' lang='lat' dir='ltr'>Peuces</span> <span class='ocrx_word' id='word_1_180' title='bbox 271 1956 337 1999; x_wconf 76' lang='lat' dir='ltr'>leevr&#39;t</span> <span class='ocrx_word' id='word_1_181' title='bbox 354 1954 418 1999; x_wconf 50' lang='lat' dir='ltr'>ulula</span> <span class='ocrx_word' id='word_1_182' title='bbox 431 1984 438 2007; x_wconf 89' lang='lat'>,</span> <span class='ocrx_word' id='word_1_183' title='bbox 449 1959 518 2013; x_wconf 82' lang='lat' dir='ltr'>plum</span> <span class='ocrx_word' id='word_1_184' title='bbox 527 1956 630 2012; x_wconf 76' lang='lat' dir='ltr'>perdidit,</span> 
     </span>
     <span class='ocr_line' id='line_1_30' title="bbox 185 2017 639 2077; baseline 0 -13"><span class='ocrx_word' id='word_1_185' title='bbox 185 2020 227 2064; x_wconf 81' lang='lat' dir='ltr'>Sed</span> <span class='ocrx_word' id='word_1_186' title='bbox 239 2019 265 2069; x_wconf 69' lang='lat' dir='ltr'>dy</span> <span class='ocrx_word' id='word_1_187' title='bbox 277 2020 310 2063; x_wconf 82' lang='lat' dir='ltr'>lm</span> <span class='ocrx_word' id='word_1_188' title='bbox 323 2017 386 2077; x_wconf 75' lang='lat' dir='ltr'>ipses,</span> <span class='ocrx_word' id='word_1_189' title='bbox 400 2031 448 2077; x_wconf 81' lang='lat' dir='ltr'>ques</span> <span class='ocrx_word' id='word_1_190' title='bbox 462 2018 526 2062; x_wconf 78' lang='lat' dir='ltr'>beavit</span> <span class='ocrx_word' id='word_1_191' title='bbox 542 2018 639 2071; x_wconf 74' lang='lat' dir='ltr'>perdidit.</span> 
     </span>
    </p>

    <p class='ocr_par' dir='ltr' id='par_1_4' title="bbox 109 2074 783 2715">
     <span class='ocr_line' id='line_1_31' title="bbox 151 2074 782 2130; baseline 0 -1"><span class='ocrx_word' id='word_1_192' title='bbox 151 2085 204 2130; x_wconf 84' lang='lat' dir='ltr'>Heu</span> <span class='ocrx_word' id='word_1_193' title='bbox 216 2075 304 2127; x_wconf 89' lang='lat' dir='ltr'>sortem</span> <span class='ocrx_word' id='word_1_194' title='bbox 317 2076 462 2126; x_wconf 79' lang='lat' dir='ltr'>humanam!</span> <span class='ocrx_word' id='word_1_195' title='bbox 482 2074 629 2126; x_wconf 79' lang='lat' dir='ltr'>dinstrbiles</span> <span class='ocrx_word' id='word_1_196' title='bbox 649 2093 727 2129; x_wconf 85' lang='lat' dir='ltr'>rerum</span> <span class='ocrx_word' id='word_1_197' title='bbox 742 2080 782 2129; x_wconf 86' lang='lat' dir='ltr'>vi·</span> 
     </span>
     <span class='ocr_line' id='line_1_32' title="bbox 120 2137 782 2214; baseline 0.003 -22"><span class='ocrx_word' id='word_1_198' title='bbox 120 2159 159 2193; x_wconf 88' lang='lat' dir='ltr'>ces</span> <span class='ocrx_word' id='word_1_199' title='bbox 172 2141 308 2194; x_wconf 76' lang='lat' dir='ltr'>&amp;fortune</span> <span class='ocrx_word' id='word_1_200' title='bbox 321 2138 446 2190; x_wconf 85' lang='lat' dir='ltr'>mendacia</span> <span class='ocrx_word' id='word_1_201' title='bbox 459 2139 465 2189; x_wconf 73' lang='lat' dir='ltr'>i</span> <span class='ocrx_word' id='word_1_202' title='bbox 482 2137 498 2189; x_wconf 87' lang='grc' dir='ltr'><strong><em>ὂ</em></strong></span> <span class='ocrx_word' id='word_1_203' title='bbox 510 2137 561 2214; x_wconf 80' lang='lat' dir='ltr'>spes</span> <span class='ocrx_word' id='word_1_204' title='bbox 573 2141 670 2190; x_wconf 81' lang='lat' dir='ltr'>fallaces</span> <span class='ocrx_word' id='word_1_205' title='bbox 686 2142 692 2193; x_wconf 84' lang='lat'>!</span> <span class='ocrx_word' id='word_1_206' title='bbox 716 2142 782 2206; x_wconf 79' lang='lat' dir='ltr'>Qrid</span> 
     </span>
     <span class='ocr_line' id='line_1_33' title="bbox 117 2202 779 2257; baseline -0.002 -1"><span class='ocrx_word' id='word_1_207' title='bbox 117 2206 258 2257; x_wconf 80' lang='lat' dir='ltr'>fortissimus</span> <span class='ocrx_word' id='word_1_208' title='bbox 270 2206 311 2254; x_wconf 88' lang='lat' dir='ltr'>ille</span> <span class='ocrx_word' id='word_1_209' title='bbox 322 2218 437 2253; x_wconf 86' lang='lat' dir='ltr'>terranrm</span> <span class='ocrx_word' id='word_1_210' title='bbox 456 2202 565 2252; x_wconf 81' lang='lat' dir='ltr'>domitor</span> <span class='ocrx_word' id='word_1_211' title='bbox 583 2209 708 2254; x_wconf 52' lang='lat' dir='ltr'>alexander</span> <span class='ocrx_word' id='word_1_212' title='bbox 726 2212 779 2255; x_wconf 81' lang='lat' dir='ltr'>Me·</span> 
     </span>
     <span class='ocr_line' id='line_1_34' title="bbox 115 2265 782 2341; baseline 0.004 -25"><span class='ocrx_word' id='word_1_213' title='bbox 115 2270 234 2341; x_wconf 78' lang='lat' dir='ltr'>gnur‚qui</span> <span class='ocrx_word' id='word_1_214' title='bbox 247 2270 374 2332; x_wconf 84' lang='lat' dir='ltr'>imperium</span> <span class='ocrx_word' id='word_1_215' title='bbox 393 2265 460 2315; x_wconf 84' lang='lat' dir='ltr'>suurn</span> <span class='ocrx_word' id='word_1_216' title='bbox 480 2270 592 2324; x_wconf 83' lang='lat' dir='ltr'>Oceano,</span> <span class='ocrx_word' id='word_1_217' title='bbox 606 2267 699 2318; x_wconf 89' lang='lat' dir='ltr'>famam</span> <span class='ocrx_word' id='word_1_218' title='bbox 714 2268 782 2319; x_wconf 80' lang='lat' dir='ltr'>astris</span> 
     </span>
     <span class='ocr_line' id='line_1_35' title="bbox 120 2329 780 2397; baseline 0.003 -18"><span class='ocrx_word' id='word_1_219' title='bbox 120 2334 234 2395; x_wconf 76' lang='lat' dir='ltr'>aequavit?</span> <span class='ocrx_word' id='word_1_220' title='bbox 249 2336 339 2381; x_wconf 87' lang='lat' dir='ltr'>Nonne</span> <span class='ocrx_word' id='word_1_221' title='bbox 352 2329 422 2378; x_wconf 85' lang='lat' dir='ltr'>duces</span> <span class='ocrx_word' id='word_1_222' title='bbox 441 2331 490 2392; x_wconf 81' lang='lat' dir='ltr'>ejus</span> <span class='ocrx_word' id='word_1_223' title='bbox 502 2329 652 2380; x_wconf 82' lang='lat' dir='ltr'>strenuiffimi</span> <span class='ocrx_word' id='word_1_224' title='bbox 665 2333 690 2380; x_wconf 90' lang='lat' dir='ltr'>in</span> <span class='ocrx_word' id='word_1_225' title='bbox 704 2347 780 2397; x_wconf 88' lang='lat' dir='ltr'>equu-</span> 
     </span>
     <span class='ocr_line' id='line_1_36' title="bbox 119 2392 783 2457; baseline 0.006 -14"><span class='ocrx_word' id='word_1_226' title='bbox 119 2395 185 2444; x_wconf 87' lang='lat' dir='ltr'>leum</span> <span class='ocrx_word' id='word_1_227' title='bbox 197 2392 319 2457; x_wconf 82' lang='lat' dir='ltr'>impoliti,</span> <span class='ocrx_word' id='word_1_228' title='bbox 335 2394 477 2457; x_wconf 75' lang='lat' dir='ltr'>Perfis,quos</span> <span class='ocrx_word' id='word_1_229' title='bbox 489 2393 679 2451; x_wconf 81' lang='lat' dir='ltr'>vicerane,firere</span> <span class='ocrx_word' id='word_1_230' title='bbox 690 2393 706 2444; x_wconf 96' lang='lat' dir='ltr'>s</span> <span class='ocrx_word' id='word_1_231' title='bbox 717 2396 783 2447; x_wconf 75' lang='lat' dir='ltr'>elia-</span> 
     </span>
     <span class='ocr_line' id='line_1_37' title="bbox 119 2410 781 2523; baseline 0.002 -17"><span class='ocrx_word' id='word_1_232' title='bbox 119 2459 190 2506; x_wconf 75' lang='lat' dir='ltr'>culo?</span> <span class='ocrx_word' id='word_1_233' title='bbox 207 2459 275 2506; x_wconf 80' lang='lat' dir='ltr'>Alius</span> <span class='ocrx_word' id='word_1_234' title='bbox 288 2456 395 2506; x_wconf 86' lang='lat' dir='ltr'>mensam</span> <span class='ocrx_word' id='word_1_235' title='bbox 407 2457 481 2522; x_wconf 83' lang='lat' dir='ltr'>Regis</span> <span class='ocrx_word' id='word_1_236' title='bbox 493 2453 535 2505; x_wconf 82' lang='lat' dir='ltr'>sero</span> <span class='ocrx_word' id='word_1_237' title='bbox 553 2454 666 2523; x_wconf 82' lang='lat' dir='ltr'>sanguine</span> <span class='ocrx_word' id='word_1_238' title='bbox 685 2410 781 2523; x_wconf 73' lang='lat' dir='ltr'>adsper-</span> 
     </span>
     <span class='ocr_line' id='line_1_38' title="bbox 119 2518 780 2583; baseline 0.003 -14"><span class='ocrx_word' id='word_1_239' title='bbox 119 2519 167 2569; x_wconf 90' lang='lat' dir='ltr'>srr:</span> <span class='ocrx_word' id='word_1_240' title='bbox 183 2521 243 2569; x_wconf 84' lang='lat' dir='ltr'>alius</span> <span class='ocrx_word' id='word_1_241' title='bbox 271 2535 302 2569; x_wconf 91' lang='lat' dir='ltr'>ne</span> <span class='ocrx_word' id='word_1_242' title='bbox 325 2519 425 2583; x_wconf 82' lang='lat' dir='ltr'>timplici</span> <span class='ocrx_word' id='word_1_243' title='bbox 440 2518 538 2583; x_wconf 87' lang='lat' dir='ltr'>quidem</span> <span class='ocrx_word' id='word_1_244' title='bbox 554 2532 633 2570; x_wconf 86' lang='lat' dir='ltr'>morte</span> <span class='ocrx_word' id='word_1_245' title='bbox 652 2520 780 2572; x_wconf 77' lang='lat' dir='ltr'>defimtius</span> 
     </span>
     <span class='ocr_line' id='line_1_39' title="bbox 119 2579 779 2649; baseline 0.006 -17"><span class='ocrx_word' id='word_1_246' title='bbox 119 2581 233 2645; x_wconf 51' lang='lat' dir='ltr'>estesed</span> <span class='ocrx_word' id='word_1_247' title='bbox 253 2582 438 2649; x_wconf 77' lang='lat' dir='ltr'>exquisitissimis</span> <span class='ocrx_word' id='word_1_248' title='bbox 458 2579 577 2649; x_wconf 86' lang='lat' dir='ltr'>suppliciis</span> <span class='ocrx_word' id='word_1_249' title='bbox 602 2584 779 2636; x_wconf 87' lang='lat' dir='ltr'>mortalitatem</span> 
     </span>
     <span class='ocr_line' id='line_1_40' title="bbox 109 2644 780 2715; baseline 0 -18"><span class='ocrx_word' id='word_1_250' title='bbox 109 2646 237 2715; x_wconf 71' lang='lat' dir='ltr'>explerit:</span> <span class='ocrx_word' id='word_1_251' title='bbox 253 2653 408 2702; x_wconf 69' lang='lat' dir='ltr'>Parmenionem</span> <span class='ocrx_word' id='word_1_252' title='bbox 419 2644 510 2701; x_wconf 75' lang='lat' dir='ltr'>indidta</span> <span class='ocrx_word' id='word_1_253' title='bbox 520 2644 589 2697; x_wconf 76' lang='lat' dir='ltr'>causa</span> <span class='ocrx_word' id='word_1_254' title='bbox 606 2646 723 2703; x_wconf 86' lang='lat' dir='ltr'>tmcidat,</span> <span class='ocrx_word' id='word_1_255' title='bbox 738 2663 780 2712; x_wconf 85' lang='lat' dir='ltr'>per</span> 
     </span>
    </p>

    <p class='ocr_par' dir='ltr' id='par_1_5' title="bbox 710 2723 791 2772">
     <span class='ocr_line' id='line_1_41' title="bbox 710 2723 791 2772; baseline 0.025 -15"><span class='ocrx_word' id='word_1_256' title='bbox 710 2723 791 2772; x_wconf 68' lang='lat' dir='ltr'>quem</span> 
     </span>
    </p>
   </div>
   <div class='ocr_carea' id='block_1_4' title="bbox 0 0 810 3008">
    <p class='ocr_par' dir='ltr' id='par_1_6' title="bbox 0 0 810 3008">
     <span class='ocr_line' id='line_1_42' title="bbox 0 0 810 3008; baseline 0 1"><span class='ocrx_word' id='word_1_257' title='bbox 0 0 810 3008; x_wconf 95' lang='lat' dir='ltr'> </span> 
     </span>
    </p>
   </div>
  </div>
 </body>
</html>
