1612 3008
70 118 115 178 ⁵4⁸
186 76 372 177 Jncont
404 112 596 162 cnuctt

67 212 194 262 hominem
213 210 343 266 comitari,
363 210 387 258 δι
402 206 455 258 suos
474 210 499 257 in
520 207 594 258 fama
618 207 730 257 Theatto

66 276 202 323 collocatos
219 277 331 324 alumnos
349 275 429 336 ptocui
456 270 730 336 nonnunquamigtni·

67 338 111 384 tali
123 335 164 385 suo
175 335 228 386 solo
239 336 382 394 amandare,
396 347 422 384 ut
440 333 502 383 imet
523 336 586 384 aiios
607 346 729 399 tanquam

66 399 133 451 Soles
144 401 267 449 emineant
279 402 304 450 δι

133 488 229 504 —-
245 467 305 514 Velut
315 464 368 510 inter
378 466 432 524 ignu

173 531 234 574 Lm
245 529 337 573 minores.

52 635 56 642 ,
101 593 154 639 Hos
166 587 249 642 adeat,
263 587 308 636 hos
320 585 412 641 audiat,
429 585 453 633 in
467 585 554 635 horum
572 583 733 636 familiarita-

68 659 122 699 tem
135 649 158 699 se
172 649 285 707 infinuet,
300 650 411 698 favorem
424 647 529 705 ambiat,
544 650 683 698 amicitiam
690 664 733 698 ex·

70 710 160 776 poscat.
175 712 247 777 Qtod
256 711 412 774 fifecerit(ut
423 709 456 763 id,
467 709 529 760 haud
545 709 647 761 difficile
668 711 733 775 apud

71 787 123 824 tam
137 773 351 837 humanos,)bone
364 779 429 823 Deus
440 773 505 847 !quae
519 772 617 825 occatio
628 774 671 825 hic
685 772 733 826 dis-

70 839 139 886 cendi
157 838 247 897 indies,
262 842 288 889 δι
300 852 351 885 tem
369 836 472 885 faciendi
491 837 517 885 in
533 850 588 886 tam
608 841 731 902 opulento

71 900 193 950 Musarum
211 913 326 955 mercatu,
349 903 375 949 &
394 898 520 949 donorum
541 901 731 951 literato'com·

73 964 183 1012 mettio?
202 970 232 1012 Et
245 963 261 1012 si
276 979 324 1012 non
345 961 409 1010 aliud
422 996 429 1018 ,
445 961 599 1026 ‘ipse-vultus
611 967 638 1013 δι
651 963 732 1013 btevis

71 1027 147 1076 etiam
158 1023 237 1076 sermo
248 1025 337 1091 aliquid
349 1023 424 1090 ipsum
441 1025 518 1087 juvet:
526 1027 579 1075 imo
598 1026 634 1074 est
647 1030 675 1077 &
689 1029 731 1076 ali-

74 1089 132 1154 quid
145 1089 211 1154 quod
223 1106 252 1140 ex
264 1106 354 1157 magno
371 1091 422 1139 vito
439 1088 478 1137 vei
496 1100 592 1139 tacente
610 1089 731 1153 proficiat.

72 1157 131 1200 Sicut
147 1168 219 1202 nautas
234 1160 256 1202 in
273 1160 367 1210 tenebris,
383 1156 436 1201 livii
451 1155 597 1201 intimantis
609 1155 685 1211 fiderit
702 1156 731 1201 ii-

73 1215 167 1274 lustratio
179 1219 263 1279 dirigit:
272 1219 303 1281 fic
315 1237 349 1264 not
360 1224 382 1264 in
393 1221 428 1263 hac
439 1221 485 1263 vin
495 1220 529 1263 vei
540 1216 625 1276 inspeffi
636 1218 731 1266 illiniri.

74 1279 134 1326 Non
152 1277 200 1326 alia
216 1283 323 1335 Platonis,
339 1284 468 1347 Pythagorq
479 1280 614 1334 Democriti,
629 1279 655 1327 δι
669 1277 734 1326 alio·

75 1354 128 1387 rum
140 1339 276 1402 sapientum
288 1357 357 1390 mens
375 1339 435 1395 fuit,
450 1341 493 1402 qui
510 1340 592 1389 reiiaa
610 1337 729 1390 foecunda

73 1401 117 1450 illa
127 1399 274 1450 scientiarum
288 1405 416 1466 parente&
430 1405 515 1452 attium
531 1416 595 1465 penu
612 1406 635 1452 G
649 1407 676 1453 tt
690 1408 730 1452 ,Ε-

75 1468 157 1520 clii,
171 1479 222 1512 non
237 1464 267 1513 ad
279 1468 356 1514 cultos
368 1464 461 1521 solum,
474 1462 514 1513 sed
526 1469 552 1515 &
564 1465 595 1515 ad
612 1465 731 1515 Batbaros

92 1527 218 1592 emgtinati
228 1527 294 1586 sunt,
309 1542 334 1578 ut
342 1528 401 1579 &ab
414 1528 500 1576 exteris
510 1528 628 1577 discetent
639 1543 693 1593 quae
700 1527 730 1577 fi-

74 1541 100 1638 gi
112 1586 189 1639 decise
202 1589 385 1648 arbitrabantur,
402 1588 731 1655 quaequeadpenitiotemsa·

75 1653 192 1716 pientiam
211 1653 403 1720 consequendam
424 1652 496 1703 essent
514 1654 673 1704 adminicula.
691 1657 732 1703 So·

73 1730 164 1771 cratem,
178 1715 268 1774 fatdot,
276 1723 368 1767 Athenis
376 1731 497 1782 nunquam
509 1715 596 1781 pedem
606 1713 733 1774 extuliss'e,

77 1781 198 1825 tAEiiaenum
223 1784 305 1836 Italia,
329 1785 459 1844 Pomponium
482 1785 558 1827 Letum
578 1785 668 1842 Ἰζςηιας
689 1776 733 1829 sed

74 1837 165 1889 siaffixi
176 1841 252 1904 patrio
264 1840 306 1891 suo
318 1842 370 1891 solo
381 1855 473 1890 tantam
485 1838 625 1905 consequuti
632 1840 688 1889 sunt
694 1856 733 1890 te·
771 1860 776 1867 ·

76 1915 130 1950 tum
142 1899 279 1958 scientiam,
293 1917 384 1967 quanto
390 1907 520 1965 majorem,
535 1916 627 1966 quanto
633 1903 732 1968 plenio-

75 1978 141 2018 tem,
157 1964 301 2023 Auditotes,
315 1965 333 2014 fi
346 1968 374 2016 iis
387 1965 462 2031 patrii
474 1965 513 2016 sui
530 1964 613 2015 relidi
632 1978 733 2016 exteros

74 2041 173 2091 quoque
184 2026 300 2086 adeundi,
313 2029 442 2088 invisendi,
456 2027 632 2095 compellandi,
646 2028 732 2081 fuiss'et

73 2091 180 2139 animus?
194 2105 251 2138 nam
263 2104 289 2138 ut

138 2179 228 2194 —
246 2161 291 2201 Non
303 2160 364 2203 omnis
372 2157 417 2216 fert
429 2157 496 2202 omnia
507 2157 583 2210 tellum

205 2220 246 2265 Hic
250 2219 341 2277 segetes,
353 2222 397 2266 iitic
408 2221 489 2266 vaeniunt
497 2218 582 2275 felicius
596 2232 656 2265 uva:

102 2281 140 2326 ita
151 2293 202 2327 non
213 2292 262 2326 uno
276 2277 346 2328 osbis
359 2283 461 2343 angulo,
475 2294 526 2327 non
542 2293 592 2326 uno
603 2290 673 2326 tettae
686 2291 731 2329 aut

73 2342 178 2405 regionis
195 2339 286 2389 ambitu
297 2343 370 2392 noeti
383 2355 502 2406 quotquot
514 2339 733 2391 suntcommotan·

73 2415 119 2450 tur.
151 2403 206 2467 Jam
221 2403 340 2466 quae&ab
354 2405 428 2453 oculis
439 2406 543 2453 utilitas?
558 2405 600 2466 qui
612 2402 651 2451 hic
660 2418 731 2466 pete-

73 2466 177 2576 gtinagti
195 2468 282 2517 veti&
296 2467 412 2517 individui
429 2469 459 2517 ad
476 2464 599 2516 scientiam
622 2467 732 2516 comites

71 2542 125 2575 imo
155 2542 215 2577 uces.
247 2567 248 2570 ,

104 2594 197 2642 Galliam
209 2589 281 2642 adiit?
296 2592 364 2643 iilam
376 2591 447 2650 dico,
461 2591 583 2660 elegantia
596 2593 622 2643 dt
635 2589 730 2643 doctit-

689 2671 728 2707 nae
