1612 3008
299 134 557 183 ORATlov.
689 153 721 196 41

71 228 109 283 lus
118 230 276 301 posthabitis,
293 233 324 283 ad
336 234 470 285 divinatum
487 250 566 285 tetum
584 235 723 300 intelligen-

13 294 31 325 ²
69 298 136 354 tiam,
152 295 232 345 studia
245 293 303 352 sua,
320 299 346 347 δι
363 297 456 347 labotes
473 310 623 348 convertunt.
656 302 722 348 Nam

12 360 29 389 ¹·
68 358 82 407 li
95 374 182 409 eurum
199 359 311 408 omnium
324 373 375 423 quae
389 361 415 409 in
430 360 476 409 hoc
492 359 610 410 Univetso
624 376 725 410 cernun-

10 419 29 450 ’·
57 434 118 481 ¹tut,
141 420 332 486 unumquodque
346 424 447 472 naturali
461 422 596 487 petficiendl
614 422 649 472 sui
664 421 722 472 defi·

10 482 29 512 f‘
67 484 129 534 detio
150 496 267 541 tenetur3
293 487 318 534 δι
339 486 431 535 animus
450 486 529 536 nollet
542 486 572 535 ad
586 484 722 536 fimilitudi-

10 543 25 575 ·'·
66 562 118 596 uem
133 546 269 597 divinitatis
290 545 402 605 effistus‘,
429 552 498 599 tanti>
519 548 646 614 perfestiot
664 548 721 606 est,

10 604 24 637 ²
67 608 153 673 quantb
170 611 268 675 propius
289 609 319 659 ad
342 610 421 668 illud,
442 627 472 660 ex
490 626 540 677 quo
561 611 625 661 ducit
648 612 723 677 origi·

66 686 117 723 uem
132 707 140 729 ,
155 673 281 737 exemplat
304 672 394 723 accedit
409 691 415 721 :
431 672 533 724 dubitati
545 674 654 738 profectu
668 689 720 722 non

10 730 23 759 ᾗ
65 734 157 799 potest,
183 736 243 799 quin
256 735 299 785 illa
313 733 342 783 fit
356 737 466 785 omnium
483 736 665 801 praestantiffima
682 736 720 786 fa-

10 792 23 867 }
65 802 158 856 ultas,
185 812 238 862 quat
259 797 340 862 quoad
359 798 410 847 lieri
428 800 525 874 potest,
545 802 719 849 mottalitatem

65 861 191 918 nostram,
212 872 328 924 quantum
349 862 412 910 illius
432 860 585 912 imbecillitas
612 863 721 928 patitur,

10 918 19 949 ¹
64 922 147 973 divina
160 936 266 979 nature,
280 922 408 973 atstiffimo
427 925 536 980 vinculo,
558 928 584 975 δι
600 927 719 975 Herculeo

10 980 20 1011 ²
64 985 125 1061 quali
138 985 210 1035 nodo
222 984 334 1036 devincit.
366 985 479 1036 Adillius
496 988 616 1038 facultatis
633 1003 663 1036 co
697 989 719 1035 i-

10 1042 18 1073 ⁵
63 1060 156 1099 tionem
169 1048 244 1098 hodie
256 1063 329 1096 nemo
341 1065 390 1099 nou
404 1048 497 1114 aspirat.
515 1050 559 1098 Sed
570 1051 638 1113 pauci
648 1050 664 1097 il
676 1064 717 1099 am

10 1104 16 1135 ²
64 1112 169 1173 (audebo
185 1111 274 1174 dicete)
291 1126 320 1160 ea
331 1126 377 1175 qua
389 1126 430 1177 pat
447 1111 481 1161 est
499 1111 620 1163 soliditate
636 1110 718 1161 conse-

10 1178 14 1186 '
63 1187 183 1241 quuntur,
196 1176 254 1224 dum
267 1175 375 1240 neglecta
385 1174 501 1225 tutiffima
512 1174 543 1225 ad
562 1190 616 1225 eam
634 1190 718 1241 perve-

10 1238 14 1257 ²
62 1238 213 1294 alenda-via,
227 1234 367 1303 nescioquo
380 1237 476 1304 superbo
489 1236 601 1296 fastidio,
617 1254 646 1288 ea
658 1254 717 1287 con·

62 1312 188 1357 temnunt,
205 1304 233 1350 lit
250 1297 280 1349 as
304 1313 419 1358 tuantur,
434 1300 483 1350 fine
505 1301 590 1367 quibus
607 1302 634 1350 in
650 1299 717 1352 l‘acto

61 1362 124 1421 hoc,
138 1364 168 1412 &
181 1361 259 1412 nubili
292 1362 364 1420 udio,
378 1379 421 1412 nee
440 1362 569 1427 lismoaii
582 1400 590 1422 ,
605 1379 648 1413 nec
666 1379 719 1413 vet·

61 1425 103 1475 sati
115 1426 240 1482 felicite13
262 1428 288 1475 ἃ
301 1441 354 1475 cum
365 1426 441 1476 ftuelu
455 1440 551 1491 queunt.
571 1431 647 1476 'lntet
666 1441 719 1490 quae

60 1490 172 1554 linguam
184 1486 308 1538 flebraeam
320 1490 717 1555 omniumlinguatumptincipem‚

62 1553 176 1600 omnium
187 1551 303 1611 iudicem,
318 1554 428 1602 omnium
439 1554 571 1602 maximam
584 1585 591 1609 ,
606 1553 718 1601 omnium

61 1610 273 1678 antiquiffimam‚
289 1618 399 1665 omnium
417 1628 520 1664 matrem
538 1615 568 1664 de
587 1615 719 1687 principatu

60 1674 231 1735 contendere,
251 1680 375 1728 neminem
394 1677 465 1728 credo
485 1673 532 1727 effe
547 1678 589 1742 qui
604 1674 716 1743 ambigat.

61 1746 120 1804 ομ
139 1736 207 1788 causa
224 1739 258 1789 est
275 1757 315 1791 cut
332 1742 362 1790 de
373 1743 436 1791 illius
449 1740 577 1799 laudibus,
597 1739 717 1789 hodietno

60 1803 100 1853 die
112 1801 194 1851 dicere
209 1802 381 1853 demandatum
398 1804 458 1854 mihi
470 1805 503 1854 est
515 1839 522 1862 ,
536 1803 566 1853 ab
584 1818 634 1859 eo,
654 1808 721 1865 cujus

60 1866 123 1940 apud
136 1879 179 1913 me
191 1868 320 1929 plurimum
331 1869 409 1922 valet,
424 1870 450 1917 δι
462 1869 539 1918 valete
551 1865 619 1915 debet
633 1865 719 1915 authu·

59 1942 133 1984 titas,
148 1942 200 1976 non
212 1941 239 1977 ut
250 1944 291 1978 eas
303 1928 424 1993 sigillatim
435 1927 609 1994 percenseam,
628 1932 653 1978 &
664 1944 719 1977 ota-

61 1994 137 2041 tionis
152 2005 211 2040 meae
223 1993 272 2040 tela
292 2005 439 2056 pertexetem
455 1991 540 2057 (quod
556 1994 582 2041 &
602 1993 724 2054 imperate·

61 2055 124 2105 milui
134 2053 247 2118 iniquum
258 2054 328 2110 esset,
346 2058 371 2105 &
385 2053 495 2119 suscipe.e
508 2051 669 2115 temerarium)
680 2052 725 2103 sed.

60 2131 87 2168 ut
98 2133 130 2167 ex
141 2130 223 2167 earum
234 2118 404 2173 multitudine,
441 2134 498 2167 auca
514 2118 623 2182 quadam
636 2116 675 2166 seli
694 2133 720 2167 e—

59 2195 138 2237 tem,
159 2180 190 2228 de
209 2178 311 2244 quibus,
326 2195 357 2229 ex
375 2132 470 2244 publico
488 2180 630 2236 hocloco,
651 2132 721 2230 volsis

60 2241 212 2292 audientibus
224 2240 295 2292 verba
307 2241 418 2292 facerem.
451 2248 503 2356 Qtsta
515 2242 544 2291 de
554 2258 579 2291 te
587 2258 654 2300 ,cum
666 2258 721 2292 me·

59 2321 116 2357 eum
129 2306 201 2379 initio
214 2317 338 2370 ageretur,
353 2307 456 2370 cogitavi
481 2314 629 2370 apeuunieto
642 2340 650 2363 ,
665 2307 717 2353 ani·

59 2366 724 2497 llll}lsss‘llzilllilleilllfll‘llaaff

60 2494 95 2547 da
109 2496 228 2561 imputem
241 2507 282 2540 me
292 2487 337 2539 elle
350 2493 412 2542 haud
421 2495 509 2543 invitus
521 2491 639 2559 agnoscm
653 2509 720 2542 eam-

61 2572 107 2623 que
119 2561 232 2624 refugere
244 2556 271 2603 iu
286 2554 367 2605 animo
377 2572 429 2605 nou
439 2555 512 2607 semel
525 2556 611 2612 habui,
623 2557 727 2612 veritus„

61 2635 92 2675 ue
101 2617 247 2683 idemmihi
259 2618 569 2690 couiugeaet,quol.ullm
580 2617 660 2673 uuu’e
670 2618 750 2730 siz-Q
