1612 3008
220 139 420 186 ortarro
453 139 552 185 nara
675 153 720 199 54³

64 234 137 289 effer:
147 234 257 302 sperabat
270 238 335 285 enim
346 235 399 284 fore
412 270 419 292 ,
441 248 467 284 ut
480 246 550 282 tanto
563 233 678 292 dudore,
696 243 723 286 dt

65 303 166 352 doctore
179 335 186 357 ,
199 315 243 349 nec
265 299 389 362 Majestate
410 297 450 347 sua
468 297 581 356 inferior,
602 314 646 347 nec
661 305 723 352 tanti

65 365 163 429 Imperii
176 362 317 413 successione
329 363 442 426 indignus
453 361 569 411 evaderet.
604 366 663 410 Non
675 364 723 412 alia

65 428 97 477 de
111 426 177 476 causa
191 431 262 483 Plato,
277 429 370 476 nullam
380 423 578 474 deliberationem
589 426 666 490 magis
680 428 726 474 Di·

65 492 149 541 vinam
162 489 255 538 divinus
276 488 324 554 ipse
341 488 481 554 predicabat
495 521 502 543 ‚
516 501 590 552 quam
609 503 663 537 eam
673 504 724 599 ¹qua

64 556 122 619 quis
133 553 163 602 de
177 553 239 601 retia
251 549 285 601 sui
297 551 440 616 suorumque
452 549 614 607 institutione,
626 567 672 601 con
682 553 725 601 ilia

65 627 168 680 caperet.
196 620 226 663 Et
239 618 329 663 Socrates
340 630 383 679 pro
396 630 464 675 more
475 610 517 663 suo
529 613 624 664 dicendi
634 614 725 663 docen-

66 679 141 743 dique
152 677 278 733 familiari,
293 679 318 726 in
330 677 392 726 hunc
404 676 506 727 modum
520 691 629 743 parentes
640 677 723 726 horta·

66 756 106 790 tus
118 742 216 806 legitur,
234 753 345 805 oportere
356 755 399 790 eos
413 741 452 789 vel
465 756 517 789 non
530 741 629 815 gignere
645 740 725 798 filios,

66 807 107 854 vel
119 803 137 853 st
149 803 279 869 genuiffent
292 804 394 867 primam
407 805 416 851 i
432 800 462 852 fia
474 803 621 853 educationis
635 820 725 861 curam,

66 869 203 933 proximam
216 866 371 931 institutionis
450 865 559 926 debete,
583 867 664 916 addita
679 869 723 916 hac

67 929 238 987 timilitudine,
252 931 421 994 Neqnicquam
432 926 545 980 homines
556 942 644 980 tetram
660 925 729 979 colel

66 1009 108 1052 re,
123 992 255 1042 sementem
272 992 350 1041 faeere
363 1029 371 1050 ,
386 991 493 1055 stirpium
511 992 604 1057 plantas
623 996 723 1043 tenellas

66 1054 195 1112 nutrire,fi
206 1068 321 1115 canonas
334 1054 442 1111 demum,
453 1067 493 1104 aut
499 1069 567 1119 crura
578 1052 668 1106 deserat
682 1070 722 1106 aut

66 1120 172 1174 cultura,
187 1119 219 1166 ita
233 1116 341 1184 profecto
353 1116 394 1168 est.
410 1122 476 1167 Nam
488 1130 605 1182 quantum
618 1118 648 1167 ad
660 1135 724 1170 rern-

66 1180 187 1248 publicam
200 1195 252 1231 tum
264 1181 468 1240 constituendam,
480 1192 532 1229 tum
545 1182 724 1240 exornandam,

66 1245 207 1294 scholarum
220 1245 303 1293 honos·
311 1247 337 1295 δι
349 1244 467 1294 Institutio
477 1244 570 1309 publica
579 1243 664 1301 faciat,
682 1247 723 1295 vel

67 1309 126 1358 hinc
138 1307 208 1356 facil'e
219 1308 322 1374 intelligi
334 1307 428 1371 potest,
444 1306 510 1372 quod
527 1322 558 1356 ne
577 1307 655 1356 virum
670 1310 724 1373 qui-

67 1371 126 1420 dem
137 1369 241 1428 bonum,
250 1383 289 1420 aut
302 1373 384 1421 utilem
392 1372 474 1438 patriae
484 1371 561 1420 civem
568 1404 575 1427 ,
582 1367 630 1419 fine
638 1385 665 1418 ea
676 1369 724 1421 tss‘e

65 1432 132 1500 porse
140 1440 202 1484 Cicero
214 1433 351 1486 contendat.
387 1444 427 1484 Nec
438 1439 508 1484 ullam
520 1451 594 1483 munus
605 1437 727 1500 Qipullica

68 1499 140 1560 affini
150 1497 215 1557 inajua
228 1500 324 1559 meliusne
335 1503 395 1560 poste:
405 1511 468 1560 quam
475 1499 497 1557 fi
507 1500 624 1552 doceamur,
632 1499 724 1561 inquit,

69 1575 131 1622 atque
143 1564 257 1607 erudiamus
270 1564 413 1616 juventatem,
436 1565 461 1607 iis
472 1561 582 1622 prasertim
592 1563 679 1607 moribus
691 1576 725 1607 at·

70 1639 110 1685 que
121 1624 235 1682 tenporibus
247 1622 318 1683 quihus
330 1625 359 1669 ita
369 1623 459 1684 prolapsa
472 1622 498 1680 cll
510 1635 533 1668 ut
544 1624 680 1684 omniuna‚ape
692 1640 724 1670 rt-

64 1685 173 1746 fraenanda
185 1701 207 1729 ea
216 1682 242 1742 fit
254 1698 313 1746 atqm
325 1687 437 1732 mittenda.
470 1688 523 1733 Nec
535 1681 568 1732 est
580 1683 643 1732 aliud
656 1686 725 1748 quic-

70 1761 158 1811 quam,
173 1745 239 1810 quod
252 1746 337 1806 majori
349 1745 425 1796 (ludio
439 1746 633 1797 &contentione
646 1748 725 1797 incul·

70 1822 108 1858 cat
124 1814 245 1868 Aristoteli
258 1810 283 1856 in
294 1807 339 1857 suis
353 1810 460 1859 Politicis
474 1844 481 1869 ,
496 1824 540 1858 nec
570 1809 661 1862 oodad
677 1816 726 1858 Re-

69 1869 545 1948 rumpublicarumstabilimentummagis
584 1872 730 1937 tiat,quam

70 1935 187 1985 utstatim
200 1933 230 1983 ab
244 1936 340 1982 ineunte
353 1948 420 1984 aetate
431 1939 497 2001 pueri
509 1935 690 1985 instituantur&
698 1937 728 1984 li-

71 2000 127 2048 teris
139 2002 164 2047 &
176 1995 290 2047 moribus.
318 2000 390 2046 llam
408 2010 434 2046 ut
448 1997 462 2047 a
475 1999 571 2048 Surculo
582 1996 643 2050 salus
655 1999 729 2047 arbo-

70 2063 102 2111 ris
122 2060 254 2125 dependet,
269 2059 300 2109 iic
320 2057 334 2109 a
355 2061 448 2110 Scholia
469 2060 634 2124 Reipublicae:
655 2058 728 2110 effera

71 2123 158 2197 quippe
172 2119 350 2188 atqueeffranis
363 2137 444 2172 natura
458 2121 566 2173 hominis
578 2122 727 2174 institutione

72 2200 136 2251 quan
149 2188 262 2236 cicuratm
276 2201 303 2235 ae
314 2184 432 2244 mitescit,
446 2198 472 2234 nt
485 2188 606 2252 eleganter
618 2185 729 2238 observa-

72 2263 125 2300 tum
138 2249 168 2298 ab
183 2250 330 2313 lagmiofiffimo
343 2255 420 2306 l’o'e'ta,
434 2249 482 2298 hoc
494 2248 577 2299 versu.-

103 2338 167 2353 --
181 2339 275 2352 -—-
290 2314 388 2374 Didiciffl
394 2313 485 2374 fideliter
496 2327 549 2361 erres

175 2379 261 2424 Emollit
274 2393 352 2432 mom,
368 2394 403 2424 nec
411 2377 459 2436 smil
469 2375 505 2435 effe
516 2376 583 2435 feroc.

104 2438 148 2488 sed
159 2449 186 2487 nt
199 2438 321 2487 Orationis
332 2453 392 2488 mee
403 2441 456 2489 vela
468 2438 610 2487 contraham
622 2470 629 2495 ,
643 2449 729 2487 monet

73 2519 113 2553 me
125 2516 177 2551 turn
189 2501 324 2550 hmnanitaa
338 2501 484 2559 redemtum
501 2502 631 2566 patientia,
656 2517 686 2551 ua
698 2517 729 2550 ne

72 2568 148 2615 nimia
162 2565 298 2631 prolixitate
312 2562 376 2614 abuti
389 2564 483 2621 videar,
499 2565 567 2614 linio.
601 2517 730 2614 audivistis

72 2633 194 2684 &lamam
217 2634 377 2694 antiquatum,
401 2628 526 2694 nauffitetrm
547 2629 575 2682 δι
593 2631 740 2735 attilium}b

671 2704 692 2737 a
705 2703 724 2733 e
