1612 3008
284 307 482 355 ORATIO
512 308 542 354 L.
670 322 721 368 439

64 406 188 471 ceptione,
204 408 251 458 hoc
265 411 338 460 veluti
352 409 454 461 tenebris
472 410 560 458 mentis
579 407 623 458 sua
643 407 719 469 impe-

64 471 189 537 dirusque
202 474 298 537 Spiritus
314 477 360 523 Dei
378 472 430 522 sunt
451 473 573 523 intelleitu
592 470 633 522 suo
652 486 718 519 acce·

64 533 119 582 dere
134 550 184 584 non
196 536 271 597 potest
285 572 293 594 ‚
307 534 347 586 sed
366 538 432 602 vagis
449 537 498 596 jam
517 535 560 584 nili
575 532 652 601 gratii
671 536 721 597 Spi-

63 597 122 645 ritus
142 599 219 646 santii
230 598 321 659 adjutus
333 598 418 657 fuerit,
433 612 499 648 entra
513 598 624 647 ordinem
637 609 721 646 contra

63 664 143 709 Deum
160 657 270 718 effertur,
285 663 345 711 adeo
363 676 404 720 ut,
419 661 457 710 seu
475 663 624 710 voluntatem
639 658 721 707 honri-

64 723 114 776 nis,
130 720 168 771 seu
180 737 288 773 mentem
306 724 480 774 confideremus
491 756 500 780 ‚
512 726 546 773 nil
566 724 610 772 nili
627 736 720 771 meram

64 784 186 834 donorum
201 789 249 836 Dei
262 786 428 836 confusionem
440 788 596 836 inveniemus.
629 786 723 834 Volun-

65 858 140 895 tatem
162 847 300 914 (inquam)
322 853 377 915 quia
397 849 481 915 sponte
504 852 529 898 δι
556 848 632 898 libero
650 858 721 896 motu

65 913 144 959 Deum
164 912 222 961 odio
241 914 389 979 prosequitur
405 911 508 987 ‚fugit‚
529 926 556 961 ac
575 908 723 960 horribiliter

65 968 188 1031 offendit:
208 981 304 1026 Mentes
322 991 399 1032 vero,
421 990 477 1041 qura
494 974 645 1039 pertinaciter
665 978 721 1023 Deo

64 1037 177 1102 retroque
206 1038 286 1088 ordini
313 1049 427 1103 repugnat
454 1053 484 1089 ea
510 1036 588 1086 cordis
616 1034 723 1103 quadam

64 1102 234 1159 contumacia,
262 1099 365 1166 lucisque
382 1101 467 1149 divinae
484 1097 616 1150 amiffione.
648 1097 723 1161 Qrod

65 1177 95 1210 ne
117 1179 173 1212 meo
194 1163 290 1213 cerebro
317 1176 468 1212 commentus
488 1160 600 1227 effingere
621 1160 720 1210 videar:

64 1224 128 1274 haue
150 1224 228 1290 quaeso
248 1228 273 1274 in
302 1225 351 1288 ipsa
377 1227 505 1275 hominurn
527 1225 616 1273 tenella
644 1222 724 1272 adhuc

66 1299 134 1334 atate
161 1287 357 1346 confideremus,
390 1303 472 1337 nonne
499 1286 607 1336 videmus
634 1300 721 1350 pueros

66 1363 154 1415 magna
166 1353 238 1400 etiarn
251 1353 402 1400 committere
415 1363 522 1415 peccata,
540 1352 566 1399 ἃ
578 1336 645 1398 maio
657 1346 725 1414 quafi

65 1412 193 1471 delectari,
208 1413 269 1462 adeo
280 1428 306 1462 ut
316 1416 354 1462 vel
369 1413 500 1463 mendaciis
516 1410 540 1462 se
558 1411 667 1468 dedant,
683 1422 725 1461 aut

64 1473 130 1525 furto
145 1511 153 1535 ,
167 1477 267 1542 aliisque
283 1475 394 1542 perversis
413 1478 500 1526 mentis
519 1473 724 1525 inclinationibus.

65 1544 96 1587 Et
110 1539 172 1588 unde
188 1539 237 1589 haec
256 1552 326 1589 tanta
345 1552 432 1589 naturae
450 1537 494 1589 suae
511 1538 670 1603 corruptionis
688 1535 725 1586 sc·

65 1602 133 1651 mina
153 1601 270 1652 hauserint
289 1607 297 1652 i
317 1618 349 1652 an
364 1619 394 1652 ex
413 1603 570 1652 imitatione?
593 1602 720 1651 Minimas

66 1663 131 1727 erd
150 1666 240 1730 igitur?
268 1682 298 1715 ex
314 1663 421 1729 perversa
439 1666 566 1715 hominurn
585 1663 668 1714 naturd
682 1676 724 1728 pet

64 1723 157 1790 lapsum
170 1728 195 1775 in
208 1726 370 1790 posteritatem
384 1742 485 1777 onmem
496 1723 588 1775 diffusa.
610 1733 666 1776 Hac
677 1727 724 1792 igi·

65 1799 103 1836 tur
117 1786 135 1836 sr
147 1790 173 1837 in
186 1791 262 1853 pueris
275 1802 341 1838 tanta
354 1788 412 1845 fine,
425 1787 517 1854 quantb
536 1790 629 1851 majora
650 1790 677 1836 in
697 1802 725 1836 a·

66 1848 206 1900 dulcioribus
218 1849 264 1900 effe
276 1850 449 1901 indicabimus?
461 1849 587 1901 Crescente
600 1852 665 1901 enim
677 1849 725 1899 ho-

67 1914 161 1961 minum
172 1914 260 1976 judicio
273 1916 298 1965 te
311 1916 403 1963 ratione
416 1914 446 1963 ad
461 1915 569 1980 graviora
583 1915 724 1963 etiamcon.

66 1975 223 2033 tendunt,ita
237 1989 262 2025 ut
275 1976 469 2026 inclinationibus
476 1978 545 2027 malis
558 1977 646 2026 mentis
654 1990 726 2024 com·

66 2040 129 2088 moti
149 2038 280 2088 homicidia
297 2041 469 2096 committant,
494 2041 586 2088 malum
607 2039 724 2105 proximis

64 2101 111 2151 suis
124 2102 251 2157 intentent,
259 2101 609 2158 adulteriissefoedent‚Deum
618 2103 674 2152 deni
693 2116 725 2150 ue

64 2167 167 2238 peccatis
178 2163 223 2215 suis
235 2163 332 2232 lingulis
345 2167 475 2215 momentis
488 2161 619 2214 offendant.
652 2115 724 2214 abac

65 2240 174 2276 innatam
186 2227 216 2277 de
229 2233 283 2277 Deo
296 2228 456 2294 ignorantiam
464 2262 471 2284 ‚
479 2228 539 2277 addc
552 2225 723 2284 dubitationes,

66 2288 172 2346 hareses,
188 2305 289 2350 errores,
308 2296 334 2342 δι
352 2287 487 2352 hujusmodi
505 2289 590 2353 quibus
611 2288 723 2338 omnibus

65 2349 80 2400 a
93 2356 148 2401 Deo
160 2350 267 2405 abstratii
279 2367 376 2403 eternas
395 2354 444 2414 ejus
462 2351 642 2402 maledidioues
659 2353 685 2400 in
700 2348 725 2400 se

65 2415 233 2474 accumulant,
247 2417 303 2465 licet
321 2430 402 2466 autem
420 2412 537 2481 quosdam
557 2414 724 2472 invenirent,

65 2477 108 2542 qui
120 2488 161 2525 aut
172 2473 187 2525 i
199 2480 283 2542 Spiritu
295 2484 317 2531 s.
331 2481 434 2546 gratiam
445 2479 552 2542 aliquam
564 2489 725 2544 acceperunt,

65 2551 106 2588 aut
119 2540 212 2589 virtutis
224 2540 331 2615 quodam
347 2542 424 2591 lludio
438 2540 503 2591 dusti
522 2540 592 2589 retiis
609 2537 725 2587 bonellil·

66 2615 114 2667 que
125 2600 255 2665 disciplinis
272 2602 411 2669 cupiditates
429 2602 529 2668 quidem
540 2601 637 2651 flauere
656 2600 724 2650 vide·

66 2663 254 2715 antur:iuterius
266 2678 348 2715 tamen
360 2668 449 2717 mentis
459 2662 502 2714 suae
514 2663 721 2717 inclinationibus,

66 2724 223 2793 pen'ersoque
235 2727 342 2794 quodam
358 2731 419 2780 zelo
437 2725 496 2793 saepe
513 2727 577 2778 <lusti
596 2727 694 2791 turpiter
708 2724 725 2772 ‘a

66 2796 122 2844 Deo
134 2788 253 2844 deliciunt.
286 2793 347 2849 tluit
359 2794 426 2846 euim
439 2792 501 2842 virio
510 2792 546 2843 ita
556 2801 641 2844 totam
649 2800 731 2849 coenon

454 2859 478 2907 τ
496 2875 516 2917 4
651 2849 752 2897 mussa·
