1612 3008
70 401 100 441 26
176 390 366 453 ‘JACOBI
397 393 586 441 CRUCII

67 506 118 544 teat
129 496 171 559 qni
183 497 278 561 ignorat
289 495 405 561 reliquas,
421 508 461 544 aut
490 496 514 546 ui
527 497 623 562 ignorit
640 494 703 547 hane
719 530 726 553 ‚

68 555 158 608 nescire
168 574 261 608 omnes.
293 560 450 620 Qunmenim
486 560 536 608 ianr
545 555 613 607 fuiss'e
631 558 726 609 causam

67 619 209 670 arbitramur
230 636 343 671 curcum
363 623 393 676 de
413 620 510 689 singulis
522 620 653 687 disciplinis
671 632 726 687 agat

68 698 166 748 pagnnae
177 681 294 749 sapientie
307 685 363 734 fons
379 686 447 734 Plato
460 719 467 741 ,
482 682 565 750 po'e'srn
577 684 605 733 ni
619 684 668 736 ὅλον
679 699 726 736 vo·

68 751 121 796 cat?
136 747 388 813 quimquodreliqurr
400 747 495 797 adeam
513 746 537 796 se
555 744 660 797 habeant
674 783 682 805 ‚
700 760 727 797 ut

69 808 161 875 fingula
173 810 203 860 nd
217 813 315 868 omnia,
330 814 356 861 δι
368 824 446 875 partes
458 810 488 860 ad
498 823 586 860 torum.
602 810 647 859 Sed
659 823 686 860 ut
696 811 727 862 ad

68 888 150 922 mores
161 875 210 934 ejus
224 876 337 928 veniam,
353 872 546 930 confideremus,
562 875 660 938 qualem
680 873 739 940 sese!

100 933 178 985 fferir:
192 952 222 985 an
234 939 283 986 vita
294 936 405 986 doeirinae
414 939 464 999 ejus
482 972 489 995 ‚
504 952 531 986 ac
549 936 679 986 eruditioni
691 952 728 997 re·

80 999 207 1064 ponderit?
217 1001 281 1063 Qtid
292 1002 357 1049 enim
370 1000 477 1065 preclara
490 1001 532 1049 iila
543 1001 675 1049 muitarum
690 1014 728 1049 re·

69 1078 123 1112 rum
134 1061 276 1122 scientia,fi
295 1079 346 1112 non
365 1063 396 1112 ad
414 1064 518 1129 gloriam
535 1064 582 1113 Dei
595 1093 603 1117 2
618 1060 658 1113 sed
677 1064 728 1125 eius

68 1126 255 1182 contumeliam,
270 1141 320 1175 non
331 1125 362 1175 nd
372 1123 438 1175 snam
450 1129 476 1177 δι
489 1125 595 1191 proximi
612 1123 728 1184 salutem,

70 1187 111 1238 sed
129 1188 160 1238 ad
176 1190 306 1253 perniciem
318 1224 325 1246 ‚
339 1189 409 1238 iilam
428 1194 570 1239 convertat?
583 1188 647 1239 nihil
663 1186 728 1240 sane.

71 1250 136 1328 Qrid
147 1256 219 1325 ergo?
236 1250 306 1302 Verbi
320 1252 366 1302 Dei
378 1250 425 1300 fuit
437 1248 669 1312 obsemantiffimns‚
683 1267 728 1303 nu·

70 1317 143 1366 minis
156 1315 232 1364 divini
243 1317 320 1366 cultor
331 1312 438 1368 affiduus.
461 1315 550 1365 Adhaec
580 1328 653 1365 nanto
669 1314 706 1365 illi
720 1350 729 1374 ,

70 1378 159 1441 Myro
173 1381 195 1425 τ’
208 1380 278 1429 dinei
290 1381 378 1442 rimo,
392 1379 419 1427 in
430 1381 513 1428 animo
525 1393 568 1445 pro
586 1376 728 1444 ‘rariquan

70 1455 95 1490 ta
108 1443 132 1489 in
144 1439 254 1489 sermone
266 1441 377 1501 majestas
389 1475 396 1498 ‚
418 1454 509 1506 quanta
518 1444 544 1493 in
557 1456 599 1491 ore
611 1442 728 1508 eloquen-

69 1507 119 1562 tia,
134 1515 159 1551 nt
171 1517 200 1551 er
212 1501 288 1552 tribue
300 1504 349 1553 illis
363 1503 486 1569 Augustini
506 1504 570 1556 votis
588 1519 663 1555 unum
681 1503 730 1554 hon

70 1567 158 1623 fuerit,
172 1578 198 1614 nt
213 1568 313 1617 Paulum
327 1567 340 1616 ὲ
354 1565 465 1617 cathedra
484 1564 580 1633 publice
598 1566 729 1618 docentem

68 1629 150 1680 audire
160 1625 277 1695 potniffet.
293 1634 389 1705 annra
399 1644 497 1743 {nonne
510 1632 535 1680 in
552 1630 688 1681 actionibus
705 1646 730 1681 e-

69 1695 107 1755 jus,
118 1691 186 1755 snpra
197 1706 271 1757 quam
284 1693 332 1743 dict
342 1706 398 1758 pote
449 1696 573 1760 integritas
587 1696 612 1744 δι
625 1693 729 1754 candor,

70 1758 97 1806 in
134 1756 244 1820 alloquio
275 1757 378 1807 comitas
404 1793 411 1815 ,
446 1759 472 1807 in
511 1756 618 1808 moribus
654 1756 730 1808 suari·

69 1821 127 1868 tasi
147 1832 237 1883 quanta
248 1818 274 1868 in
285 1821 335 1869 vita
346 1821 441 1887 pietatis
457 1835 511 1871 cura
531 1856 538 1879 ,
565 1833 670 1886 quantus
691 1836 731 1871 ve·

68 1884 146 1933 nitatis
152 1884 301 1951 Euangelicae
307 1883 463 1950 propaganda·
467 1885 546 1940 zelus,
555 1885 664 1949 puritatis
671 1899 731 1934 con·

68 1943 186 1994 servandae
199 1947 283 1996 ardori
291 1949 345 1997 Reli
363 1949 426 1996 ionis
439 1945 561 1996 afferenda
573 1946 731 2015 fidesiQan·

68 2021 95 2057 ra
108 2010 133 2058 in
146 2010 259 2058 maximis
272 1963 379 2059 Eccleiae
397 2011 501 2077 negotiis
520 2008 732 2070 administrandis,

69 2070 731 2137 altitudoanimi,prudentia‚derteriras,inconverten-

68 2136 106 2184 dir
113 2132 240 2200 gentilibus
253 2136 423 2198 μακροθυμία,
440 2137 539 2194 lenitas,
558 2134 745 2188 mansuetudo?

102 2196 147 2246 Sed
158 2211 296 2262 regerentes
307 2198 345 2247 hic
357 2198 417 2249 mihi
428 2200 508 2250 audire
527 2199 631 2259 videor,
647 2202 688 2251 vir
703 2217 732 2251 ae
768 2201 771 2251 i

70 2275 101 2311 ne
112 2263 152 2310 vix
164 2258 260 2309 laudem
272 2262 347 2311 ullam
357 2265 456 2321 mereri,
472 2264 513 2329 qui
523 2276 593 2312 tanto
605 2264 682 2314 animi
695 2264 734 2315 nf-

69 2322 147 2380 feru,
162 2335 231 2372 tanto
244 2323 303 2373 odio
321 2324 449 2376 Ecclesiam
484 2325 572 2376 Christi
598 2324 733 2393 persecutus

69 2386 120 2443 est,
135 2390 161 2436 δι
174 2388 200 2435 in
211 2401 265 2436 eam
277 2385 349 2438 scviit
360 2388 425 2439 haud
436 2390 518 2446 aliter,
537 2387 611 2454 quim
623 2392 691 2456 lupus
704 2393 731 2441 in

69 2465 135 2500 oves.
168 2455 234 2499 Nam
242 2453 322 2515 spirans
355 2457 427 2502 Sacrae
441 2454 561 2517 Scriptura
575 2451 729 2518 rerbasunt)

69 2518 138 2562 minas
149 2532 173 2560 ac
185 2518 255 2562 cadem
272 2518 336 2565 adver
346 2532 370 2565 rer
388 2517 495 2579 discipulos
513 2519 621 2573 Domini,
640 2522 699 2580 petiit
716 2518 731 2564 ri
769 2537 771 2567 ι

70 2577 164 2636 Porrn'ficr
175 2582 205 2639 epi
222 2581 264 2625 olas
273 2579 400 2640 perfirmdrr
411 2581 537 2640 Damascum
548 2582 576 2628 ad
594 2580 708 2643 Symgoger
723 2613 731 2638 ,

69 2654 93 2687 ur
101 2641 123 2700 fi
133 2656 183 2704 quer
193 2643 297 2702 inveniffer
309 2645 370 2706 hujus
376 2643 433 2703 Jeo‘a
444 2654 491 2689 tum
503 2645 558 2691 viror
569 2654 616 2690 rum
627 2647 732 2701 mulieres,

68 2704 149 2751 vincior
163 2705 265 2751 abduceret
284 2707 450 2767 Hierosolymam.
483 2703 554 2755 EstOt
568 2718 644 2754 nemo
661 2706 728 2757 cuim

69 2765 95 2813 id
108 2762 152 2814 ibit
164 2764 313 2816 inficiastsed
327 2767 400 2817 errori
413 2765 437 2815 id
450 2765 645 2825 tribuendum,&
657 2768 732 2837 igno-

70 2828 159 2878 rantiae.
178 2835 235 2893 Qrae
247 2829 263 2878 fi
275 2833 367 2880 crimen
379 2845 430 2878 non
442 2832 524 2890 tollit,
540 2829 625 2881 saltem
639 2835 729 2884 mollit.

70 2893 140 2944 Unde
152 2894 225 2947 etiam
238 2899 302 2946 Deus
313 2908 357 2961 pro
369 2894 485 2947 immensa
497 2893 537 2947 sua
550 2893 728 2968 misericordia,
