1612 3008
141 305 145 308 ·
213 291 409 342 ountro
441 291 524 336 var.
642 311 684 355 55,

31 391 81 441 haec
94 388 218 447 exercitia,
232 385 273 437 sed
285 386 315 437 ad
327 386 413 451 stylum
426 387 452 434 δι
465 386 596 437 oratoriam
607 390 633 440 in
652 394 690 443 di.

30 453 109 504 tendo
120 450 264 502 libertatem.
296 457 345 501 Vos
362 449 453 514 igitur,
476 449 623 509 Auditotes,
638 457 687 519 qni

31 512 124 582 potrum
137 515 214 565 animi
230 512 371 563 demissione
390 522 487 575 rogatos
502 510 591 562 obnixe
607 517 686 576 volo,

31 593 58 629 ut
70 580 132 629 mihi
142 580 172 627 de
189 582 289 626 VITAE
305 577 461 625 TERMINO
477 574 687 638 impresentiarum

31 640 152 693 differenti
164 655 245 689 autem
274 638 372 696 tabere,
387 639 413 686 δι
426 634 475 701 qud
492 639 552 688 aiios
573 653 628 690 ante
644 644 689 693 hac

32 702 203 755 benevolentid
217 718 248 752 ex
258 654 306 753 goe
317 703 374 751 loco
385 699 492 749 dicentes
505 702 625 753 audivistis
638 740 645 762 ,
661 708 695 756 ei·

32 784 74 818 me
122 782 185 833 oque
197 780 260 814 nunc
272 764 352 815 audite
364 762 429 812 haud
440 761 691 832 dedigneminiQraeri
704 804 707 809 .

31 829 75 882 hic
98 833 148 880 olet
160 829 175 879 i
187 829 326 885 nonnullis,
341 834 380 877 Art
392 825 453 875 adeo
463 826 536 886 fatalis
549 827 577 877 fir
596 829 636 878 hic
648 848 691 880 ur·

34 900 102 944 minue
113 906 139 943 ut
152 893 217 942 nulla
230 890 343 942 medendi
356 901 417 944 arte,
432 889 505 937 nullis
515 889 576 940 bene
593 895 690 946 vivendi

33 956 126 1068 leffibus
136 954 248 1012 extendi,
263 967 302 1004 aut
317 951 389 1019 pravi
401 952 475 1001 vitius
488 954 688 1067 intemsserantii,

32 1035 63 1071 ve
86 1019 207 1077 fortuitis,
223 1029 249 1067 ut
261 1029 362 1074 vocant,
377 1015 449 1065 caulis
466 1016 504 1063 vel
522 1016 566 1065 casr
584 1034 611 1068 us
629 1035 692 1069 con-

32 1083 96 1135 trahi
108 1085 232 1150 queatlUt
243 1082 321 1144 paucis
334 1092 442 1129 mentem
454 1090 534 1129 meam
547 1081 692 1133 circumscri-

33 1145 91 1195 bam
99 1182 106 1204 ,
114 1151 205 1195 Fatalem
218 1145 264 1195 eise
275 1142 410 1194 constanter
424 1138 535 1191 artevem
548 1149 615 1195 Sacra
627 1150 694 1212 pagi-

34 1224 81 1264 na,
95 1212 141 1268 John·
152 1223 203 1272 cap.
221 1224 257 1271 ¹4
272 1209 327 1269 l’sai.
347 1222 385 1264 31.
403 1209 428 1256 δι
443 1222 472 1264 3⁹
495 1209 655 1271 &quotquot
667 1225 695 1257 e-

35 1274 73 1335 jus
82 1269 106 1320 se
117 1271 258 1336 profitentur
269 1276 412 1335 interpretes
424 1269 635 1326 orthodoxi3dicit
650 1288 692 1320 ex-

35 1335 169 1399 perientia,
183 1335 271 1384 elamat
283 1337 381 1383 Natura.
413 1334 460 1384 ivit
471 1333 538 1385 enim
552 1333 591 1382 hic
610 1333 690 1383 homi·

35 1412 95 1445 num
110 1396 257 1447 nascentium
279 1411 306 1451 ac
329 1397 484 1448 morientium
498 1395 561 1446 orbis
576 1399 692 1462 quamdiu

33 1459 82 1523 fuit
94 1456 143 1525 ipse
158 1460 275 1511 Orbist&
289 1475 367 1510 rerum
378 1459 536 1512 humanarum
550 1461 645 1509 altemae
658 1464 694 1510 vi-

35 1538 90 1581 ces,
105 1536 131 1573 ut
146 1524 172 1572 in
185 1530 284 1574 oceano
298 1522 504 1598 estus,quamdiu
517 1523 580 1573 stetit
593 1529 693 1582 Natura,

36 1602 65 1634 ac
78 1602 110 1637 ne
123 1589 177 1651 quis
190 1590 243 1637 vitae
255 1585 297 1636 suae
311 1587 418 1651 quotidie
430 1603 486 1639 vota
498 1588 628 1652 protollat,
638 1602 693 1636 tan-

35 1662 111 1761 guam
124 1662 229 1698 aternus.
261 1654 340 1698 Funus
351 1647 417 1698 suum
431 1650 529 1715 quisque
542 1649 555 1699 *a
569 1653 644 1700 natali
656 1668 696 1700 or-

56 1713 118 1766 itur,
135 1712 161 1760 &
173 1712 222 1772 jam
234 1711 298 1760 mori
310 1712 383 1775 coepit
395 1709 436 1761 ubi
448 1727 517 1762 natus
526 1712 566 1761 eil.
582 1716 615 1761 Ut
627 1718 693 1763 enim

36 1770 185 1836 clepsydram
200 1788 251 1823 non
262 1776 397 1822 exttemum
414 1774 563 1825 stillicidium
577 1774 697 1836 exhaurit,

36 1833 78 1887 sed
91 1834 208 1902 quidquid
219 1849 275 1885 ente
286 1835 400 1886 defluxit:
414 1836 445 1888 fic
458 1850 564 1888 mortem
576 1854 627 1888 non
640 1842 697 1889 ulti-

38 1913 93 1949 mus
106 1897 156 1949 dies
168 1899 240 1958 facit,
253 1897 293 1949 sed
304 1898 366 1950 solue
378 1899 537 1952 consummat.
567 1902 645 1951 Bullas
660 1904 696 1953 vi-

37 1962 123 2030 demus
144 1961 159 2012 l
181 1964 262 2076 suerit
276 1977 318 2028 per
331 1964 414 2013 ludum
435 1967 448 2016 ὲ
470 1964 562 2016 conciri
577 1964 696 2024 eduilas,

37 2025 79 2076 sed
92 2025 122 2076 ad
134 2041 180 2076 ean
197 2041 267 2075 emne
280 2040 365 2075 omues
383 2029 535 2079 altitudinem
555 2024 672 2096 affurgunt
686 2034 695 2078 l

38 2086 149 2140 minime.
182 2089 296 2155 Qraedam
308 2087 337 2138 ab
349 2086 400 2153 ipso
412 2090 481 2140 labro
500 2089 622 2142 nascentes
640 2107 694 2156 per-

38 2164 109 2209 eunt,
123 2153 231 2265 juaedam
243 2153 269 2203 in
283 2148 376 2201 sublimi
384 2168 392 2208 ;
407 2151 499 2203 diverso
518 2171 602 2204 omnes
618 2152 695 2219 spatio

39 2217 67 2265 δι
79 2229 122 2265 mo
140 2232 165 2265 οι
173 2214 205 2265 src
219 2215 295 2264 homo
307 2213 371 2280 quafi
383 2215 449 2266 bulla
461 2233 490 2266 ex
502 2231 570 2267 tuero
580 2219 694 2282 prodiens

37 2276 98 2390 [εἷο
108 2280 134 2328 in
145 2279 198 2328 vitae
209 2279 295 2328 limine
306 2280 381 2328 vitam
400 2281 469 2352 ponit
482 2315 489 2338 ,
504 2282 556 2331 imo
574 2283 614 2330 vix
633 2280 696 2331 bene

38 2342 65 2390 in
78 2339 119 2390 uso
131 2340 226 2409 spiritu,
244 2342 337 2406 spiritus
349 2343 452 2406 eripitur.
486 2343 529 2392 Sed
542 2358 597 2393 cum
611 2348 696 2402 {attalem

40 2403 109 2461 dieo,
124 2420 174 2454 non
187 2406 255 2455 illam
268 2405 344 2455 statuo
356 2405 488 2455 violentam
500 2408 634 2455 stoicorum
651 2422 696 2455 ne-

40 2465 240 2528 cess'rtrtem,jam
252 2468 344 2533 pridem
356 2470 467 2519 onmium
474 2470 536 2518 teste
542 2466 697 2519 sentientium

41 2531 151 2580 unanimi
161 2529 273 2599 suffragio
285 2533 449 2597 antiquatam,
465 2536 491 2585 δι
505 2532 697 2582 Christianorum

11 2598 15 2603 '
40 2593 135 2643 scholis
150 2599 408 2646 exterminatamenec
427 2602 495 2645 Anus
513 2597 565 2644 ilias
590 2608 697 2659 reteque

40 2656 83 2706 diu
95 2658 218 2709 extinctas.
250 2659 294 2708 Sed
306 2673 360 2707 eam
369 2660 498 2725 intelligo,
514 2673 565 2723 qux
578 2664 632 2707 Deo
644 2657 697 2707 sub·

40 2721 134 2781 jicitur,
150 2736 201 2769 non
214 2722 251 2770 cui
266 2729 352 2772 Deus:
376 2728 455 2787 Quem
467 2721 570 2785 liberum
586 2723 697 2770 oninium

41 2799 120 2837 rerum
134 2785 256 2839 autorem
272 2785 464 2847 essevolumus,
488 2789 512 2838 δι
533 2782 702 2837 transcendere

348 2854 392 2899 Aa
687 2856 721 2886 ’λὶ
