1612 3008
129 70 332 117 ORATIO
365 71 409 117 Vi.
551 84 581 124 rr

20 165 159 217 declamare
171 162 268 219 solitus,
281 165 375 238 linguar
393 162 436 213 srbi
447 163 520 239 teipsa
537 168 584 215 uti·

9 231 54 287 liit
65 230 181 292 exemplo
190 226 368 300 pnrdentiilrmb
378 226 586 297 conjunxit,&fi-

9 292 154 357 r'ungendas
168 291 340 350 injunxitmon
352 293 377 339 in
385 287 538 355 Philosophid
547 288 584 340 so-

9 308 51 407 sed
66 358 93 404 δι
108 356 133 402 in
144 352 196 417 ipsi
208 355 280 401 etiam
293 352 389 401 dicendi
399 355 585 411 exercitatione,

9 430 21 467 t
33 432 120 466 earum
132 415 249 471 studium,
263 418 289 465 bt
301 430 370 464 arnor
381 414 467 465 nolitis
478 432 586 481 unquam

9 478 162 535 rexolescat,
179 491 218 526 aot
231 479 311 543 aliqua
321 480 347 527 in
358 491 524 544 contemptum
541 495 584 528 vt-

18 556 75 609 quae
85 540 206 591 summam
215 541 310 589 laudern
321 555 449 590 merentur.
481 547 550 591 Sacra
560 556 587 591 c·

9 620 63 662 rra,
72 608 98 655 dt
110 618 255 668 quucunque
267 605 359 652 altioris
369 617 431 653 nota
444 602 586 662 siudiasunr,

9 669 62 719 ctis
74 670 197 725 nituntur,
212 668 250 715 his
267 667 359 715 deliciis
376 680 497 717 ornantur.
512 682 515 689 ’
530 672 589 731 Quo

22 727 127 781 obsecro
137 744 197 787 vos,
211 732 292 796 lingua
303 730 381 794 plures
400 731 439 779 vel
457 728 587 787 scientias,

9 795 40 845 rte
53 792 152 841 vivendi
162 806 275 856 precepta
286 791 398 848 tradidit,
412 795 438 842 dt
449 793 480 841 ad
490 792 588 857 polleti-

11 854 165 907 rrausmiliri
180 858 289 919 Amplius
298 860 490 927 :Qrotaquaque
502 857 590 921 plures,

10 916 183 974 telariffimos,
198 920 225 966 in
235 920 305 967 omni
317 915 491 980 disciplinam
503 932 590 984 genere

10 996 60 1033 tres
71 980 179 1030 exhibuit
191 984 200 1029 i
214 983 301 1028 nonin
314 982 404 1028 Gracia
413 992 507 1029 tmtum
521 1014 528 1037 ,
550 980 591 1028 sed

10 1045 82 1095 ltalia
96 1040 159 1107 ipsa,
175 1046 200 1093 &
212 1045 292 1093 media
303 1046 399 1099 Romi,
412 1044 495 1108 regina
506 1042 569 1092 orbis
583 1078 590 1098 ,

10 1108 61 1157 ilio
70 1112 177 1172 Iutgum,
193 1108 219 1155 &
239 1103 362 1172 gymnafio
378 1106 509 1156 literatum.
541 1106 589 1156 Ubi

10 1184 73 1221 rrum
84 1171 168 1235 lingua
185 1166 234 1232 ipsa
250 1167 424 1233 propemodum
437 1171 521 1218 Latina
539 1170 590 1219 vul·

19 1232 83 1283 stult:
106 1234 132 1281 dt
145 1232 171 1279 in
185 1246 213 1280 ea
229 1232 272 1280 viri
286 1233 389 1297 magui,
404 1230 591 1283 &celeberrimi

10 1290 181 1361 tscripseruntr
196 1308 221 1343 ut
235 1295 350 1352 AElianus,
363 1296 427 1355 cuius
442 1309 592 1361 quamquam

10 1372 28 1409 n
40 1371 165 1423 nunquam
175 1354 276 1422 egressus
287 1356 330 1413 fit,
344 1362 429 1407 Grata
446 1357 537 1407 exstant
555 1358 593 1407 hi-

15 1436 23 1471 r
38 1421 101 1471 item
114 1420 262 1478 Plutarchus,
277 1419 529 1485 strabo„1)ionyliur,
543 1428 596 1487 Ap.

10 1498 35 1541 t,
50 1482 186 1541 Diodorus,
200 1486 225 1535 dt
238 1485 356 1533 innumeri
367 1484 427 1540 alii,
463 1485 488 1531 ui
507 1490 594 1532 [tonte

10 1558 61 1604 nrt,
74 1546 170 1610 illicque
184 1546 266 1609 scripta
281 1544 321 1619 sua
337 1550 422 1618 Graeco
441 1498 551 1595 lqerrrrone
568 1561 594 1594 e-

10 1620 71 1727 lt,
79 1608 594 1738 ‘'l‘'niil‘iil‘nniinlffriin

10 1736 125 1785 aluerunt.
142 1739 172 1783 Et
183 1746 209 1782 ut
222 1749 272 1783 rem
284 1733 358 1783 verbo
368 1735 527 1798 complebitur,
543 1749 594 1797 qux

10 1812 36 1847 tn
50 1797 131 1862 lingua
142 1794 190 1853 est,
203 1810 255 1860 quae
265 1794 402 1861 disciplina,
414 1812 464 1861 qun
477 1798 530 1846 huic
543 1802 595 1847 Cu·

10 1876 15 1908 ι
28 1874 82 1907 non
92 1858 233 1909 duxeriti&
244 1858 353 1908 indidem
365 1861 426 1908 ceue
447 1858 526 1909 ublicu
532 1876 594 1923 quo·

10 1934 113 1971 mercatu
126 1921 250 1975 dodrinae.
259 1920 407 1986 scientiaeque
426 1875 596 1986 dipelleciilcm

10 1986 209 2048 umpararitiaut
221 1984 299 2048 potius
311 1993 427 2049 tanquam
440 2000 470 2033 ert
477 1986 597 2035 uberrimo

10 2064 20 2097 t
32 2048 156 2112 Sapientiae
168 2046 238 2095 sonte
260 2048 324 2094 rivos
335 2062 387 2096 uon
397 2046 533 2096 deduxerit?
551 2051 597 2097 Hic

21 2109 168 2175 elegantiae,
184 2108 223 2157 hit
245 2109 367 2157 tirenum
387 2110 596 2175 promptuarium,

10 2186 52 2223 um
65 2171 150 2228 Orbis,
163 2171 303 2220 eruditionis
315 2186 465 2234 emporium,
479 2175 504 2222 δι
517 2170 596 2221 Musa-

30 2248 59 2283 ac
97 2234 235 2283 Gratianum
265 2235 375 2283 omnium
412 2234 599 2300 augustiffimunr

11 2296 64 2347 lam
86 2296 216 2345 sacrarium
235 2295 289 2346 suit.
321 2302 352 2345 Et
372 2310 398 2346 ut
418 2303 536 2347 Homerus
555 2300 598 2348 illc

11 2361 54 2409 ina
98 2374 165 2431 garrit
176 2357 246 2414 four,
259 2358 289 2407 de
304 2363 403 2408 Oceano
417 2362 494 2409 canit:

11 2418 57 2537 Ξῖ
63 2374 173 2535 {iliqurtlv
181 2422 288 2501 woraprpl
301 2424 340 2498 uel
351 2422 566 2533 πῶσαίιλαίτσα,

20 2500 221 2612 esnlffrill'i'l
228 2501 424 2615 nutricii
433 2503 571 2618 titini
580 2562 610 2595 0-

265 2614 287 2663 c
305 2629 315 2669 3
522 2622 626 2664 murum
