1612 3008
123 123 169 174 ηε
241 115 428 180 Jaconr
460 119 644 170 cnucrr

123 225 276 285 condienda,
298 241 325 276 ac
341 225 499 291 temperandae
511 226 570 275 vitae.
592 227 650 288 Qris
662 222 731 274 sanus
744 230 786 284 eas

123 307 174 340 non
187 289 292 354 preferat
305 290 728 354 murmurans,urarragenisrflic
741 291 786 341 fla-

123 369 157 402 ua
169 353 258 420 segetes
267 355 357 411 ‚livida
369 357 443 409 vites,
459 352 546 400 onullae
559 357 643 416 opibus
656 351 701 399 suis
713 354 786 404 arbo-

124 432 174 466 res:
187 433 238 465 non
249 419 344 467 corolla
357 419 405 479 iam
418 430 456 465 aut
469 414 528 464 serta
541 428 650 463 texuntur
658 433 665 471 3
674 413 714 464 sed
727 421 785 469 reri-

123 492 161 528 tur
172 478 322 537 neminum
351 481 403 529 raela
412 479 521 536 ,horrea‚
535 479 645 542 cellaque
658 481 787 542 complen-

122 555 167 607 tur.
190 549 247 611 Qrae
258 497 353 594 vivendi
365 544 439 599 ratio,
455 557 506 606 quae
518 539 580 598 sors,
596 557 647 606 qua
659 544 785 603 conditio,

123 606 171 655 hoc
183 608 235 654 vita
263 621 332 656 encre
348 608 430 659 utilior
441 618 524 670 ‚¹-qnae
540 604 706 654 fortunatior?
729 608 784 675 imi)

123 666 175 732 quac
186 619 311 719 necedaria
322 671 399 737 magis
411 669 457 719 diei
469 666 545 732 potest
557 701 565 724 ‚
579 680 619 717 aut
635 668 790 733 excogitarii.

123 731 241 781 Civitates
252 733 318 781 enim
328 733 413 783 exustis
421 735 460 789 ,dt
472 730 596 782 devastatis
607 732 681 797 agris,
689 731 720 779 ad
730 734 785 784 ine-

122 793 188 844 diam
199 795 289 908 rediffh
301 799 326 846 δι
338 795 356 849 li
369 795 492 847 obsidione
505 797 640 859 cingantur,
651 798 784 861 expugnari

123 855 217 906 necesse
230 873 243 906 e
276 892 283 915 ‚
297 873 324 909 ut
336 859 383 909 hoc
394 861 456 909 inter
467 860 525 907 alias
537 858 563 906 in
579 859 718 914 Hierosolyma
731 894 738 917 ‚
755 863 782 913 δι

122 923 220 971 Samaria?
231 922 310 971 videre
321 923 361 973 est.
378 928 434 972 ilaec
445 919 514 970 causa
525 919 571 976 est,
588 919 730 977 Auditores‚
748 921 782 974 ob

121 997 196 1046 quam
207 985 256 1045 jure
268 986 333 1035 civili
344 985 460 1035 sancitum
471 982 499 1032 fit
512 1019 520 1042 ,
542 999 572 1031 ne
584 984 622 1033 vel
634 984 659 1030 in
670 987 781 1036 maximo

121 1044 241 1109 bellorum
261 1048 313 1097 aeliu
330 1048 420 1099 damno
439 1045 569 1102 afficiantur
593 1050 721 1115 fflgrimlae,
742 1051 782 1100 vel

121 1110 214 1174 praediis
230 1109 277 1161 suit
292 1124 414 1161 exuantur.
447 1109 490 1159 Sed
507 1126 538 1159 ne
554 1111 688 1159 attentione
705 1111 782 1163 vestra

121 1171 187 1221 abuti
198 1173 296 1231 videar,
312 1175 342 1227 ad
353 1177 406 1223 vitae
417 1172 504 1222 rustica
516 1173 687 1234 jucunditatem
700 1208 708 1231 ‚
725 1175 782 1225 ulti·

121 1249 188 1285 mam
204 1238 320 1289 orationis
336 1237 419 1286 nostra
438 1248 556 1300 partem,
577 1252 640 1285 nunc
662 1249 780 1302 propero,

120 1312 195 1362 quam
206 1300 300 1364 quoties
309 1297 370 1349 serio
382 1299 522 1365 perpendo,
545 1315 595 1349 non
611 1298 704 1366 pullum
719 1302 788 1367 quin

120 1376 175 1411 cum
187 1364 261 1412 Poe'ta
271 1365 420 1424 exclamem,

151 1423 184 1474 Τι’
193 1428 285 1487 πρῶτον
299 1426 326 1474 τί
336 1427 445 1477 diretta
456 1427 481 1477 al
495 1426 516 1475 θ’
527 1424 623 1477 deductu
638 1426 778 1492 κπταλέξως

151 1488 198 1538 Cui
210 1488 276 1538 euim
293 1501 361 1539 tanta
376 1489 446 1540 estin
458 1489 560 1539 dicendo
571 1488 682 1539 facundia
695 1524 702 1546 ‚
724 1503 780 1540 rau-

119 1561 171 1601 tum
183 1553 275 1617 ingenii
285 1552 394 1613 flumen,
411 1555 453 1618 qui
463 1568 517 1601 eam
529 1549 641 1619 graphice
651 1550 697 1600 suis
709 1555 778 1602 colo·

118 1614 181 1663 ribus
193 1614 320 1681 depingere
331 1630 401 1682 queat
414 1620 422 1665 ἓ
445 1617 534 1664 Omnia
551 1616 616 1662 enim
633 1616 657 1662 in
670 1631 700 1664 ea
711 1619 779 1667 vultu

119 1677 251 1729 admodum
263 1679 395 1730 blandienti
405 1678 428 1730 se
440 1678 511 1728 nobis
521 1674 636 1735 offerunt,
652 1676 779 1744 sensusque

117 1740 212 1791 nostros
234 1741 368 1792 incredibili
390 1742 494 1807 quadam
514 1740 639 1789 dulcedine
657 1739 778 1803 afficiunt,

116 1816 185 1854 nares
196 1805 256 1852 mira
272 1803 386 1854 suavitate
402 1805 555 1861 demulcent,
576 1806 660 1852 oculos
677 1820 777 1857 amoena

115 1865 290 1978 {ulchritudine
305 1866 481 1934 perstringunt,
503 1880 631 1980 rotumgue
646 1866 775 1920 hominem

125 1945 150 1978 ru
184 1930 227 1979 lari
242 1928 346 1993 quadam
363 1932 486 1996 voluptate
503 1928 587 1995 persua
604 1941 654 1980 unt.
709 1933 775 1983 uales

53 2018 56 2023 ,
115 1995 156 2045 vio
167 2007 198 2051 ε,
209 1996 269 2043 veris
280 1995 400 2059 primula,
415 1994 528 2050 bellides,
539 1993 647 2057 hepatica
659 2008 702 2042 ean
721 1995 760 2044 ida
771 2030 779 2055 ,

114 2056 275 2122 caeruleam
291 2056 706 2120 urata‚caltha‚crocus‚hyacinthus
717 2057 774 2108 stel-

113 2120 169 2170 latis
176 2122 254 2178 ,narei
274 2137 313 2179 us,
325 2121 410 2178 irides,
421 2122 512 2185 tulipar,
525 2117 587 2169 rosa.
610 2125 642 2168 Ut
653 2120 692 2170 hic
704 2134 775 2173 natu·

113 2197 164 2233 ram
176 2195 279 2233 matrem
290 2182 427 2252 congellisse
438 2184 516 2241 dicas,
532 2184 673 2233 mortalium
686 2184 774 2234 delini-

112 2258 196 2297 menta
206 2245 428 2306 omnia‚serenioris
440 2248 535 2306 vita,in
547 2262 593 2311 qun
606 2248 644 2295 vel
656 2248 771 2310 Neslorvel

110 2313 209 2357 Priamus
220 2307 295 2373 pollet
307 2309 528 2375 repubescere‚imo
540 2311 579 2359 vel
591 2320 698 2360 mortuus
709 2315 772 2361 revi·

110 2369 204 2421 viscere.
211 2376 276 2421 Nam
288 2371 306 2422 fi
317 2375 465 2432 varietatem,
473 2378 498 2425 δι
508 2371 702 2431 amoenitatemAE
709 2373 773 2425 odo-

111 2448 163 2485 tum
175 2434 331 2500 fragrantiam
343 2435 489 2487 confiderare
502 2436 529 2486 fit
542 2440 648 2494 annuus,
656 2437 772 2552 dumo·

109 2494 173 2547 ribus
185 2511 302 2557 manant,
326 2498 465 2551 suavitatem
483 2502 592 2551 colorum
604 2502 644 2566 qui
668 2516 681 2552 e
694 2503 772 2552 oculis

108 2561 235 2627 ingerunt,
250 2562 300 2628 ipsa
312 2578 381 2614 mens
393 2565 438 2613 hac
449 2564 574 2614 dulcedine
585 2564 679 2614 titillari
690 2562 727 2622 se,
742 2581 773 2616 ac

106 2624 567 2696 capidicerflrnopasci.Videmuseuirn
579 2629 648 2687 illum
661 2626 674 2681 ὲ
687 2628 777 2743 cadddd
