1612 3008
239 150 440 197 ORATIO
473 152 546 198 xvn.
685 163 728 205 151

69 240 191 295 adversum
205 247 292 295 intueri
305 262 355 294 non
369 244 402 294 est
415 246 522 295 hominis
537 264 544 302 3
561 244 601 295 sed
615 258 644 292 cx
658 246 730 294 radiis

70 306 141 375 longe
156 310 255 373 lateque
267 306 356 365 dillirlis
368 324 457 373 quanta
470 308 498 358 tit
512 310 561 367 ejus
574 310 731 372 magnitudo,

71 384 192 437 quamque
204 370 349 421 immensum
363 372 389 422 lit
408 375 510 429 lumen,
526 370 596 421 facile
615 370 647 417 elt
663 387 730 419 euru-

69 432 178 485 minisci:
186 435 219 483 ira
235 438 345 501 quamvis
355 438 380 484 in
393 432 729 499 splendidiffintatillasvirru-

67 512 119 553 tes,
134 512 189 609 tguae
200 498 304 561 inhujus
317 500 431 563 Principis
444 499 542 549 heroica
555 501 626 562 plane
647 500 728 545 attinnt

68 560 135 611 olim
154 555 320 619 curamentis
331 565 414 611 oculos
427 562 530 627 deligere
539 575 658 625 trequeam
666 594 671 615 ‚
679 577 731 608 rna-

67 620 153 689 gisque
165 638 273 675 metuam
287 642 317 673 ne
331 626 389 690 quid
401 626 431 675 de
441 622 505 675 illiu's
516 624 731 689 magnitudinede·

67 698 145 735 teram
154 721 161 744 ,
169 688 244 751 quim
253 697 309 737 eam
322 705 361 737 me
372 688 449 738 verbis
460 702 581 751 exaequare
595 684 658 752 poss'e
670 703 730 735 eon-

68 748 159 807 fidam,
175 763 257 799 tamen
270 767 299 801 ex
311 752 409 817 optimis
420 754 470 815 ejus
482 750 615 801 actionibus
628 786 636 809 ,
652 756 676 799 δε
693 767 730 799 re·

70 811 115 863 bus
126 812 236 877 praelate
248 814 319 879 gestis
333 849 340 871 ‚
352 830 425 880 quam
443 814 527 864 excelli
544 815 615 864 fuerit
633 816 708 861 animi
722 848 729 871 ‚

67 877 117 989 lbevi
135 875 222 928 saltent
240 881 364 929 Orationis
373 880 487 944 penicillo
499 875 638 928 adtunbrare
654 892 728 925 eona·
751 920 757 931 ,

87 954 124 990 or.
735 958 738 963 ·

102 1002 142 1053 ab
154 1004 252 1055 ineunte
265 1018 331 1054 aetate
345 1003 627 1071 generosa‚egtegiaque
637 1002 678 1051 sus
692 1003 729 1050 in-

70 1064 134 1116 dolis
148 1065 167 1115 st
179 1066 307 1133 quirinum
319 1067 507 1117 manifestiffima
519 1068 606 1115 indicia
624 1064 730 1129 proferre

69 1132 142 1195 cupit.
175 1133 259 1181 fastus
270 1134 336 1181 enim
350 1146 468 1180 aratrorum
480 1130 621 1186 duodecim,
631 1144 685 1177 cunr
698 1144 728 1177 ex

71 1192 201 1259 equalibus
213 1198 325 1245 nonnulli
337 1211 366 1244 err
378 1210 408 1244 eo
420 1206 613 1258 percontarentur
625 1227 632 1249 ,
649 1193 674 1240 in
693 1198 729 1240 0-

70 1256 179 1322 lympico
190 1259 299 1324 uunquid
310 1258 384 1307 stadio
397 1258 474 1307 libens
492 1258 621 1306 decertaret
639 1256 729 1320 (pluri-

70 1334 139 1370 mum
152 1322 219 1370 enirn
231 1322 319 1387 pedum
332 1324 461 1372 velocitate
473 1320 578 1386 pollebat
586 1320 658 1384 (libens
670 1324 730 1381 equi·

70 1386 135 1442 doru,
148 1386 241 1448 inquit,
253 1388 414 1447 fidrctttaturot
426 1403 504 1433 metum
522 1391 584 1451 Reges
596 1384 637 1442 fin
648 1386 729 1430 nalitu-

70 1462 163 1505 m,aut
174 1456 253 1517 lurum
262 1449 327 1509 filios.
336 1455 365 1497 Et
379 1464 432 1497 curn
445 1448 506 1495 olim
517 1440 730 1509 forteabsentepa·

69 1521 106 1559 tre
118 1510 230 1585 Philipgo
242 1512 314 1578 legati
326 1510 341 1560 d
353 1506 730 1575 Persarumllegevenillcnt‚eos

69 1588 125 1621 cum
143 1572 263 1646 hospitio,
278 1589 330 1623 tunt
347 1573 515 1624 consuetudine
531 1584 629 1635 captos,
647 1570 730 1629 jucun-

70 1634 166 1685 diffitna
184 1635 228 1687 irbi
245 1637 409 1687 familiaritate
431 1636 569 1695 conjunxit,
584 1633 729 1681 admirantes

68 1697 93 1747 in
108 1712 179 1748 tanta
189 1716 307 1751 annornm
320 1702 511 1755 itrrtnattrritate,
532 1710 624 1745 tantam
640 1697 730 1745 mentis

69 1763 249 1822 maturitatem,
263 1764 330 1830 quod
340 1767 360 1812 is
372 1762 432 1811 uiiril
445 1773 484 1810 aut
496 1760 600 1815 humile,
621 1773 660 1807 aut
674 1774 730 1822 pue-

68 1827 112 1875 rile
124 1824 293 1884 sciscitaretur,
308 1826 347 1876 sed
361 1840 399 1875 aut
419 1827 510 1875 viarum
531 1823 729 1888 longitudinem,

69 1901 107 1938 aut
120 1885 266 1953 superiorum
280 1892 391 1939 itinerum
403 1888 491 1939 modos
496 1884 729 1953 perquirebattmul·

69 1950 94 2000 t'a
105 1950 173 2018 supet
184 1960 267 2019 Rege,
281 1954 360 2017 qualis
373 1955 398 2001 in
411 1952 490 2001 hostes
502 1948 573 2006 css'et,
587 1967 649 1999 nunc
661 1948 729 2012 supet

71 2018 152 2075 l’trſss,
167 2032 219 2081 qua
236 2019 312 2075 vires,
327 2029 365 2064 aut
378 2030 430 2079 quae
442 2030 524 2063 eorum
537 2012 593 2063 ell‘et
607 2014 729 2078 potentia,

66 2092 94 2126 to
112 2078 273 2143 itabat,quali
281 2080 309 2129 ab
321 2078 469 2128 incunabulis
480 2078 639 2126 maximarum
650 2090 729 2125 rerum

69 2155 83 2189 a
100 2142 271 2192 ministrationi
285 2145 418 2191 innutritus.
439 2148 506 2205 Qras
517 2156 554 2188 tes
567 2139 676 2187 admirati
690 2139 726 2186 le·

67 2206 118 2317 gari
131 2207 180 2256 lat'e
192 2203 301 2267 diffusam
319 2211 408 2267 Philippi
427 2205 590 2269 gravitatem,
608 2202 667 2249 nilril
683 2214 729 2264 prae

87 2270 138 2329 ujus
148 2272 213 2333 pueri
228 2269 325 2326 indole,
340 2272 365 2318 δι
379 2270 469 2329 majore
482 2265 556 2331 quim
568 2278 623 2315 aetas
638 2276 730 2329 parete-

66 2344 119 2391 tur‚
135 2334 211 2383 auirni
224 2332 390 2396 magnitudine
403 2331 627 2393 duxeruuttnempe

208 2399 305 2445 Multum
319 2401 390 2443 tenerit
400 2397 436 2454 fila
445 2397 563 2455 [ponderali
577 2397 634 2440 annis

171 2467 215 2509 Vox
225 2460 304 2519 papula,
320 2462 344 2511 dr
352 2463 419 2521 primo
430 2459 523 2520 presagia
532 2459 596 2516 sumu
607 2454 695 2514 alesin.

97 2528 130 2572 Et
143 2534 170 2571 ut
186 2522 199 2569 a
216 2521 335 2570 matutini
356 2521 509 2576 eutlinde,
530 2522 647 2583 reliquum
663 2517 729 2565 diem

64 2588 211 2648 conjicimus
220 2599 226 2628 t
235 2582 264 2631 stc
274 2582 288 2631 *a
303 2586 385 2647 primis
396 2584 489 2633 virtutis
503 2584 627 2647 igniculis,
637 2583 662 2627 irt
675 2593 731 2626 ata·

63 2661 89 2699 te
100 2649 203 2716 puerili,
221 2646 336 2711 reliquam
350 2650 434 2699 vitam.
467 2650 554 2698 ldotes
566 2646 634 2695 edun
645 2644 742 2701 &aaut

380 2716 402 2764 G
420 2733 439 2777 4
697 2714 763 2753 QX&
