1612 3008
126 49 172 92 208
258 39 446 105 JACOBI
477 43 666 95 caveri

124 141 217 202 pollere
233 139 294 190 visus
318 141 462 207 prestantia,
475 156 541 193 tanta
554 145 602 192 acie
611 143 748 203 oculorum,
758 159 783 195 ut

123 204 201 254 solem
223 205 247 252 in
270 201 320 268 ipso
342 207 441 254 meridie
461 207 576 255 irretortis
596 207 672 255 oculis
696 209 784 259 intueri

124 281 220 330 queant.
236 267 299 331 Qud
312 271 390 317 Po'e'tae
403 270 472 333 primi
484 271 521 318 illi
533 267 650 333 sapientia
666 270 783 335 magistri,

125 334 152 380 δι
164 329 249 379 divine
263 333 350 380 mentis
363 333 516 396 interpretes?
531 338 615 397 Longe
636 332 672 381 illi
691 335 783 382 acutius

123 405 238 450 cernunt,
253 395 280 444 δι
292 395 317 442 in
328 392 376 459 ipsa
389 409 468 444 rerum
480 394 613 445 divinarum
624 392 698 458 adyta
741 412 783 445 ne·

122 469 204 515 trant,
216 456 386 512 vaticinantur,
400 456 479 507 futura
490 457 625 523 prasciunt,
640 472 683 506 ora
723 458 782 509 adi-

123 521 196 570 Etant.
228 519 292 569 ilinc
303 533 333 568 ex
348 520 406 568 calo
417 518 495 584 lapsos
507 521 568 570 olim
581 519 695 581 judicavit
708 522 780 572 Anti·

122 583 217 648 quirat,
230 595 332 656 eamque
346 582 372 630 in
388 585 515 633 Poitarum
525 583 595 633 distis
605 581 745 646 sapientiam
757 598 782 634 a·

141 645 255 703 novit,ut
270 657 344 694 etiam
357 646 414 695 loco
427 647 577 696 oraculorum
594 642 638 696 stri
667 661 681 695 a
697 662 781 698 eorum

122 661 245 765 habuerit,
258 709 284 758 δι
295 708 320 756 in
332 706 401 759 rebus
412 708 489 759 dubiis
502 721 618 776 tanquam
642 710 693 758 olia
706 709 781 776 sibyl-

122 772 172 822 lina
186 768 344 820 consuluerint
358 772 402 820 viti
414 770 548 838 gracillimi.
569 777 635 822 lnter
644 772 778 835 aliosGu·

121 851 192 884 corum
205 834 247 884 ille
259 831 440 898 sapientissimus
450 834 602 899 Socrates‚qui
614 851 670 886 cum
682 830 778 887 audisset

120 898 213 947 recitari
226 895 319 948 versum
331 897 455 948 Homerici
467 901 570 948 Achillis.

152 960 284 1023 ll‘pau‘rutir
298 960 406 1026 egialeo
420 958 491 1021 φθῐην
500 960 602 1024 'aptiora
623 957 722 1022 ἱκοίμην.

152 1024 280 1075 Intellelio
291 1025 325 1073 tei
338 1036 449 1088 portento
457 1022 511 1082 ‚die
525 1021 777 1074 setertiomotiturrun

122 1089 225 1148 tAEschini
235 1085 357 1152 predixit,
372 1085 433 1136 dixit
446 1090 471 1138 bc
483 1086 570 1137 evenit.
603 1092 681 1135 fleatur
695 1088 778 1136 acerri-

120 1165 175 1198 mus
188 1149 312 1214 quondam
323 1148 439 1199 libertatis
449 1150 528 1215 patria
540 1146 628 1198 vindex
637 1165 707 1207 ,cum
714 1154 778 1201 Man

120 1212 153 1261 tis
165 1213 243 1260 aleam
253 1211 279 1260 in
292 1213 382 1276 campis
394 1213 529 1277 Philippicis
540 1207 643 1277 praescire
649 1212 777 1263 schemen·

120 1287 158 1324 ter
169 1272 325 1331 desideraret,
335 1289 387 1323 non
399 1288 425 1325 ut
437 1277 479 1328 alii
492 1275 619 1325 oraculum
630 1280 741 1338 tApollini
752 1290 777 1325 a·

119 1337 180 1396 diit,
193 1353 244 1386 non
255 1337 285 1386 ad
299 1335 430 1403 haruspices
442 1337 465 1388 se
478 1338 609 1394 convertit,
622 1353 673 1388 uon
687 1337 718 1388 ad
733 1353 772 1388 au·

120 1416 188 1466 gures
198 1416 261 1457 ,non
274 1399 303 1449 ad
316 1402 395 1450 avium
409 1404 518 1459 volatus,
530 1403 555 1450 δι
567 1402 683 1466 garritus,
693 1400 733 1451 sed
746 1402 777 1451 ad

121 1469 206 1514 Homeri
218 1464 302 1529 magni
313 1465 378 1514 illius
389 1467 466 1529 po'e'ta
479 1465 603 1514 volumina
616 1498 624 1520 ‚
639 1478 693 1529 qua
711 1462 775 1530 quafi

120 1540 316 1590 praemonerent,
338 1529 459 1578 interitum
477 1529 526 1589 ejus
542 1538 633 1576 certum
650 1526 776 1577 denuntia·

119 1591 185 1642 bant.
203 1590 286 1641 Versus
297 1590 320 1640 se
333 1586 447 1641 offerebat
468 1591 510 1641 ille
531 1592 622 1641 Patrocli
638 1588 776 1643 monbunoi

120 1659 228 1707 Hellorem
241 1655 399 1719 alloquentis:

149 1720 226 1767 A'anei
237 1736 268 1780 prr
279 1715 333 1778 μοῒρ
346 1717 394 1768 iaia
410 1716 449 1766 uati
464 1717 532 1771 lauria
544 1715 636 1766 iurator
653 1710 711 1770 ΞΘ.

146 1783 184 1828 Me
194 1780 240 1837 fera
249 1795 310 1842 parca
315 1779 379 1840 fitia,
391 1781 496 1842 [avusque
506 1782 596 1829 trucidat
609 1782 699 1841 Apollo.

118 1840 174 1905 dna
186 1842 274 1900 lom,
288 1839 341 1901 ripa
354 1841 425 1904 ippor'
436 1841 503 1891 clade
515 1854 609 1906 accepta
627 1840 732 1900 cecidit,
749 1842 774 1894 dt

119 1906 245 1954 veritatem
258 1917 356 1954 eventus
368 1904 541 1969 comprobavit.
556 1904 662 1962 Videtis,
673 1904 776 1954 Audito·

118 1983 169 2027 res,
184 1982 224 2016 cur
236 1979 351 2033 tanquam
364 1969 476 2032 peculiari
493 1967 593 2018 nomine
610 1972 679 2016 divini
695 1968 774 2017 Poitae

117 2032 279 2097 appellentur,
297 2030 363 2094 quod
374 2029 458 2097 scripta
474 2046 559 2081 eorum
578 2045 628 2078 non
646 2029 724 2079 modo
743 2030 773 2079 de

116 2096 253 2160 praeteritis,
269 2110 296 2144 ac
308 2095 338 2144 de
349 2092 498 2160 presentibus
518 2095 668 2157 loquantur,
690 2107 773 2142 verum

83 2178 88 2187 ·
116 2159 190 2208 etiam
219 2158 352 2208 futurorum
378 2158 559 2207 vaticinationes
577 2156 772 2230 compleaantur.

118 2228 155 2271 Ac
166 2236 196 2271 ne
210 2235 319 2269 arcanam
331 2221 400 2270 illam
410 2234 490 2270 tetum
501 2219 624 2269 scientiam
636 2214 773 2271 rnsoloilor

116 2301 171 2333 mero
187 2282 356 2338 admiremini,
368 2283 406 2331 cui
415 2287 506 2346 palmam
514 2286 640 2343 ingeniorum
652 2280 682 2330 ab
703 2281 773 2331 omni

33 2344 39 2361 ¹
116 2360 181 2403 avo,
197 2347 246 2405 jure
259 2343 408 2394 meritissimo
422 2350 503 2394 Plinius
514 2343 647 2406 adjudicat,
660 2343 728 2393 idem
742 2344 773 2394 de

116 2410 169 2459 aliis
181 2406 310 2470 iudicatum
322 2404 382 2467 else,
398 2410 477 2472 paucis
489 2406 506 2456 sr
526 2407 675 2458 attenderitis
693 2405 773 2456 olien-

117 2471 182 2522 dam.
214 2469 278 2536 Qrid
291 2472 356 2520 enim
377 2474 500 2520 Alexander
516 2474 605 2520 Severus
619 2474 771 2534 imperator,

117 2549 171 2587 rum
189 2533 232 2585 ille
247 2547 344 2601 quoque
357 2534 492 2633 incurvam
505 2531 622 2586 desiderio
636 2545 772 2646 maffia
